day,timestamp,product,bid_price_1,bid_volume_1,bid_price_2,bid_volume_2,bid_price_3,bid_volume_3,ask_price_1,ask_volume_1,ask_price_2,ask_volume_2,ask_price_3,ask_volume_3,mid_price,profit_and_loss
1,300,AMETHYSTS,9996,4,9995,104,,,10004,4,10005,104,,,10000.0,0.0
1,300,STARFRUIT,5048,3,5047,105,,,5052,4,5054,108,,,5050.0,0.0
1,300,ORCHIDS,1094,16,1093,21,1092,7,1101,16,1102,23,1103,2,1097.5,0.0
1,400,AMETHYSTS,9995,25,,,,,10005,25,,,,,10000.0,0.0
1,400,ORCHIDS,1093,10,1092,3,1086,51,1101,10,1102,3,1109,51,1097.0,107874.1015625
1,400,STARFRUIT,5048,5,5047,25,,,5054,25,,,,,5051.0,0.0
1,500,STARFRUIT,5048,22,,,,,5055,22,,,,,5051.5,0.0
1,500,ORCHIDS,1094,5,1093,4,1086,41,1102,5,1103,4,1109,41,1098.0,106779.703125
1,500,AMETHYSTS,9995,22,,,,,10005,22,,,,,10000.0,0.0
1,600,AMETHYSTS,9995,25,,,,,10005,25,,,,,10000.0,0.0
1,600,ORCHIDS,1093,10,1092,3,1086,49,1101,10,1102,3,1109,49,1097.0,106779.8046875
1,600,STARFRUIT,5048,25,,,,,5053,2,5055,25,,,5050.5,0.0
1,700,AMETHYSTS,9995,23,,,,,9998,9,10005,23,,,9996.5,0.0
1,700,STARFRUIT,5049,5,5048,23,,,5055,23,,,,,5052.0,0.0
1,700,ORCHIDS,1093,6,1092,5,1086,41,1101,6,1102,5,1109,41,1097.0,106778.90625
1,800,AMETHYSTS,9996,1,9995,27,,,10004,1,10005,27,,,10000.0,18.0
1,800,ORCHIDS,1093,10,1092,3,1085,47,1101,10,1102,3,1108,47,1097.0,106778.5078125
1,800,STARFRUIT,5048,28,,,,,5055,28,,,,,5051.5,0.0
1,900,STARFRUIT,5048,21,,,,,5055,21,,,,,5051.5,5.3505859375
1,900,ORCHIDS,1093,10,1092,5,1086,45,1101,10,1102,5,1109,45,1097.0,106777.609375
1,900,AMETHYSTS,9995,21,,,,,10005,21,,,,,10000.0,24.0
1,1000,ORCHIDS,1094,8,1092,3,1086,54,1101,8,1103,3,1109,54,1097.5,106776.2109375
1,1000,STARFRUIT,5049,2,5048,28,,,5055,30,,,,,5052.0,4.0625
1,1000,AMETHYSTS,10002,2,9996,2,9995,28,10004,2,10005,28,,,10003.0,24.0
1,1100,AMETHYSTS,9996,2,9995,28,,,10004,2,10005,28,,,10000.0,28.0
1,1100,STARFRUIT,5049,30,,,,,5055,2,5056,28,,,5052.0,3.572265625
1,1100,ORCHIDS,1092,10,1091,3,1085,57,1100,10,1101,3,1108,57,1096.0,106777.3125
1,1200,ORCHIDS,1094,9,1093,5,1087,49,1102,9,1103,5,1110,49,1098.0,106774.4140625
1,1200,STARFRUIT,5050,1,5049,28,,,5056,29,,,,,5053.0,2.2470703125
1,1200,AMETHYSTS,9996,1,9995,28,,,10004,1,10005,28,,,10000.0,28.0
1,1300,STARFRUIT,5050,23,,,,,5057,23,,,,,5053.5,23.857421875
1,1300,ORCHIDS,1094,6,1093,4,1086,39,1102,6,1103,4,1109,39,1098.0,106774.015625
1,1300,AMETHYSTS,9995,23,,,,,9998,1,10002,7,10005,23,9996.5,28.0
1,1400,ORCHIDS,1095,5,1094,4,1087,45,1103,5,1104,4,1110,45,1099.0,106772.6171875
1,1400,STARFRUIT,5050,2,5049,24,,,5056,26,,,,,5053.0,22.728515625
1,1400,AMETHYSTS,9996,2,9995,24,,,10002,4,10004,2,10005,24,9999.0,30.0
1,1500,ORCHIDS,1094,9,1093,2,1086,54,1102,9,1103,2,1109,54,1098.0,106773.21875
1,1500,AMETHYSTS,9996,2,9995,29,,,10002,7,10004,2,10005,29,9999.0,30.0
1,1500,STARFRUIT,5049,30,,,,,5056,31,,,,,5052.5,20.365234375
1,1600,STARFRUIT,5049,24,,,,,5056,24,,,,,5052.5,19.7109375
1,1600,AMETHYSTS,9996,1,9995,23,,,10004,1,10005,23,,,10000.0,30.0
1,1600,ORCHIDS,1094,7,1093,2,1087,42,1102,7,1103,2,1110,42,1098.0,106772.3203125
1,1700,STARFRUIT,5049,24,,,,,5056,24,,,,,5052.5,19.091796875
1,1700,ORCHIDS,1095,8,1094,4,1087,50,1103,8,1104,4,1110,50,1099.0,106770.921875
1,1700,AMETHYSTS,9995,24,,,,,10005,24,,,,,10000.0,30.0
1,1800,ORCHIDS,1095,6,1094,4,1087,49,1103,6,1104,4,1110,49,1099.0,106770.5234375
1,1800,STARFRUIT,5048,30,,,,,5055,30,,,,,5051.5,14.6328125
1,1800,AMETHYSTS,9996,2,9995,28,,,10004,2,10005,28,,,10000.0,30.0
1,1900,ORCHIDS,1097,5,1096,4,1089,40,1105,5,1106,4,1112,40,1101.0,106768.125
1,1900,AMETHYSTS,9998,8,9996,2,9995,24,10004,2,10005,24,,,10001.0,30.0
1,1900,STARFRUIT,5047,26,,,,,5054,26,,,,,5050.5,11.642578125
1,2000,STARFRUIT,5048,22,,,,,5053,1,5055,22,,,5050.5,17.171875
1,2000,AMETHYSTS,9995,22,,,,,10005,22,,,,,10000.0,30.0
1,2000,ORCHIDS,1097,8,1096,2,1089,41,1105,8,1106,2,1112,41,1101.0,106767.7265625
1,2100,STARFRUIT,5048,25,,,,,5055,25,,,,,5051.5,15.59765625
1,2100,ORCHIDS,1097,7,1096,3,1089,48,1105,7,1106,3,1112,48,1101.0,106767.328125
1,2100,AMETHYSTS,9995,25,,,,,10005,25,,,,,10000.0,30.0
1,2200,ORCHIDS,1098,7,1097,2,1090,48,1106,7,1107,2,1113,48,1102.0,106765.9296875
1,2200,STARFRUIT,5049,31,,,,,5055,2,5056,29,,,5052.0,18.896484375
1,2200,AMETHYSTS,9996,2,9995,29,,,10004,2,10005,29,,,10000.0,30.0
1,2300,ORCHIDS,1099,9,1098,4,1091,47,1107,9,1108,4,1114,47,1103.0,106764.53125
1,2300,AMETHYSTS,9996,1,9995,20,,,10004,1,10005,20,,,10000.0,70.0
1,2300,STARFRUIT,5049,21,,,,,5056,21,,,,,5052.5,20.392578125
1,2400,STARFRUIT,5054,1,5050,3,5049,26,5055,1,5056,25,,,5054.5,18.791015625
1,2400,AMETHYSTS,10002,1,9996,1,9995,25,10004,1,10005,25,,,10003.0,70.0
1,2400,ORCHIDS,1099,10,1098,3,1091,51,1107,10,1108,3,1114,51,1103.0,106764.1328125
1,2500,STARFRUIT,5048,27,,,,,5055,27,,,,,5051.5,19.8515625
1,2500,ORCHIDS,1096,10,1095,3,1089,48,1104,10,1105,3,1112,48,1100.0,106766.234375
1,2500,AMETHYSTS,9995,27,,,,,10005,27,,,,,10000.0,72.0
1,2600,ORCHIDS,1094,6,1093,5,1087,36,1102,6,1103,5,1110,36,1098.0,106767.3359375
1,2600,STARFRUIT,5048,21,,,,,5055,21,,,,,5051.5,17.78515625
1,2600,AMETHYSTS,9996,1,9995,20,,,10004,1,10005,20,,,10000.0,72.0
1,2700,ORCHIDS,1095,8,1094,3,1087,48,1103,8,1104,3,1110,48,1099.0,106765.9375
1,2700,AMETHYSTS,9996,2,9995,29,,,10004,2,10005,29,,,10000.0,72.0
1,2700,STARFRUIT,5054,1,5049,2,5048,31,5055,31,,,,,5054.5,18.8984375
1,2800,STARFRUIT,5050,5,5049,22,,,5056,22,,,,,5053.0,22.71875
1,2800,AMETHYSTS,9995,22,,,,,10005,22,,,,,10000.0,72.0
1,2800,ORCHIDS,1096,8,1095,5,1088,42,1104,8,1105,5,1111,42,1100.0,106764.5390625
1,2900,STARFRUIT,5049,22,,,,,5056,22,,,,,5052.5,22.904296875
1,2900,ORCHIDS,1098,10,1097,4,1090,47,1106,10,1107,4,1113,47,1102.0,106762.140625
1,2900,AMETHYSTS,9996,1,9995,21,,,10002,6,10004,1,10005,21,9999.0,72.0
1,3000,ORCHIDS,1098,10,1097,5,1091,48,1106,10,1107,5,1114,48,1102.0,106761.2421875
1,3000,STARFRUIT,5049,28,,,,,5056,28,,,,,5052.5,22.666015625
1,3000,AMETHYSTS,9996,1,9995,27,,,10004,1,10005,27,,,10000.0,72.0
1,3100,AMETHYSTS,9995,25,,,,,10005,25,,,,,10000.0,72.0
1,3100,ORCHIDS,1100,5,1099,3,1093,48,1108,5,1109,3,1116,48,1104.0,106758.34375
1,3100,STARFRUIT,5048,25,,,,,5055,25,,,,,5051.5,20.8359375
1,3200,STARFRUIT,5049,29,,,,,5054,7,5056,29,,,5051.5,22.72265625
1,3200,AMETHYSTS,9996,1,9995,28,,,10004,1,10005,28,,,10000.0,72.0
1,3200,ORCHIDS,1099,6,1098,5,1091,46,1107,6,1108,5,1114,46,1103.0,106758.9453125
1,3300,STARFRUIT,5050,2,5049,26,,,5056,28,,,,,5053.0,24.796875
1,3300,AMETHYSTS,9998,3,9996,2,9995,26,10004,2,10005,26,,,10001.0,72.0
1,3300,ORCHIDS,1098,6,1097,3,1091,44,1106,6,1107,3,1114,44,1102.0,106759.046875
1,3400,ORCHIDS,1098,6,1097,2,1091,50,1106,6,1107,2,1114,50,1102.0,106758.1484375
1,3400,STARFRUIT,5053,3,5050,26,,,5056,1,5057,25,,,5054.5,25.4248046875
1,3400,AMETHYSTS,10000,2,9996,1,9995,25,10004,1,10005,25,,,10002.0,72.0
1,3500,AMETHYSTS,9996,2,9995,21,,,10004,2,10005,21,,,10000.0,72.0
1,3500,ORCHIDS,1098,6,1097,3,1090,41,1106,6,1107,3,1114,41,1102.0,106757.25
1,3500,STARFRUIT,5050,2,5049,21,,,5054,1,5056,2,5057,21,5052.0,25.0
1,3600,STARFRUIT,5053,3,5050,30,,,5057,30,,,,,5055.0,25.0
1,3600,AMETHYSTS,10000,3,9995,30,,,10002,5,10005,30,,,10001.0,78.0
1,3600,ORCHIDS,1098,8,1097,5,1090,53,1106,8,1107,5,1113,53,1102.0,106756.8515625
1,3700,STARFRUIT,5050,25,,,,,5052,5,5055,2,5057,25,5051.0,25.0
1,3700,AMETHYSTS,9998,6,9996,1,9995,24,10004,1,10005,24,,,10001.0,78.0
1,3700,ORCHIDS,1097,5,1096,3,1090,45,1105,5,1106,3,1113,45,1101.0,106756.953125
1,3800,ORCHIDS,1098,10,1097,5,1091,50,1106,10,1107,5,1114,50,1102.0,106755.0546875
1,3800,STARFRUIT,5051,30,,,,,5058,30,,,,,5054.5,37.033203125
1,3800,AMETHYSTS,9996,1,9995,29,,,10004,1,10005,29,,,10000.0,78.0
1,3900,AMETHYSTS,10002,4,9996,2,9995,26,10004,2,10005,26,,,10003.0,78.0
1,3900,ORCHIDS,1098,8,1097,3,1091,45,1106,8,1107,3,1114,45,1102.0,106754.15625
1,3900,STARFRUIT,5051,5,5050,28,,,5057,28,,,,,5054.0,33.322265625
1,4000,STARFRUIT,5051,32,,,,,5058,32,,,,,5054.5,36.310546875
1,4000,AMETHYSTS,9996,2,9995,30,,,10004,2,10005,30,,,10000.0,110.0
1,4000,ORCHIDS,1099,10,1098,4,1092,56,1107,10,1108,4,1115,56,1103.0,106752.2578125
1,4100,STARFRUIT,5052,1,5051,25,,,5058,26,,,,,5055.0,39.25390625
1,4100,AMETHYSTS,9996,1,9995,25,,,10002,4,10004,1,10005,25,9999.0,110.0
1,4100,ORCHIDS,1099,8,1098,5,1092,44,1107,8,1108,5,1115,44,1103.0,106751.359375
1,4200,ORCHIDS,1099,6,1098,5,1091,52,1107,6,1108,5,1114,52,1103.0,106750.9609375
1,4200,STARFRUIT,5051,28,,,,,5058,28,,,,,5054.5,36.955078125
1,4200,AMETHYSTS,9996,2,9995,26,,,9998,5,10004,2,10005,26,9997.0,110.0
1,4300,AMETHYSTS,9996,1,9995,24,,,10000,5,10004,1,10005,24,9998.0,120.0
1,4300,ORCHIDS,1100,9,1099,5,1092,51,1108,9,1109,5,1115,51,1104.0,106749.5625
1,4300,STARFRUIT,5053,1,5052,24,,,5055,5,5059,25,,,5054.0,44.228515625
1,4400,STARFRUIT,5052,22,,,,,5059,22,,,,,5055.5,44.474609375
1,4400,AMETHYSTS,9995,22,,,,,10005,22,,,,,10000.0,120.0
1,4400,ORCHIDS,1100,5,1099,5,1092,43,1108,5,1109,5,1116,43,1104.0,106748.6640625
1,4500,STARFRUIT,5053,26,,,,,5060,26,,,,,5056.5,46.865234375
1,4500,AMETHYSTS,9995,26,,,,,10005,26,,,,,10000.0,120.0
1,4500,ORCHIDS,1100,7,1099,5,1093,44,1108,7,1109,5,1116,44,1104.0,106747.765625
1,4600,ORCHIDS,1100,9,1099,3,1093,42,1108,9,1109,3,1116,42,1104.0,106746.8671875
1,4600,STARFRUIT,5058,1,5053,22,,,5060,22,,,,,5059.0,47.1875
1,4600,AMETHYSTS,9996,1,9995,21,,,10004,1,10005,21,,,10000.0,120.0
1,4700,AMETHYSTS,9995,27,,,,,10005,27,,,,,10000.0,120.0
1,4700,ORCHIDS,1099,6,1098,3,1092,52,1107,6,1108,3,1115,52,1103.0,106746.96875
1,4700,STARFRUIT,5054,8,5053,27,,,5060,27,,,,,5057.0,49.87109375
1,4800,STARFRUIT,5053,29,,,,,5060,29,,,,,5056.5,49.228515625
1,4800,AMETHYSTS,9996,1,9995,28,,,10004,1,10005,28,,,10000.0,120.0
1,4800,ORCHIDS,1099,8,1098,2,1091,53,1107,8,1108,2,1115,53,1103.0,106746.0703125
1,4900,STARFRUIT,5054,2,5053,27,,,5060,29,,,,,5057.0,50.576171875
1,4900,AMETHYSTS,9998,7,9996,2,9995,27,10004,2,10005,27,,,10001.0,120.0
1,4900,ORCHIDS,1098,5,1097,2,1090,47,1106,5,1107,2,1113,47,1102.0,106746.671875
1,5000,ORCHIDS,1097,8,1096,4,1090,53,1105,8,1106,4,1113,53,1101.0,106746.7734375
1,5000,STARFRUIT,5054,6,5053,31,,,5060,31,,,,,5057.0,49.642578125
1,5000,AMETHYSTS,9996,2,9995,29,,,10004,2,10005,29,,,10000.0,120.0
1,5100,AMETHYSTS,9996,1,9995,24,,,10004,1,10005,24,,,10000.0,120.0
1,5100,ORCHIDS,1096,6,1095,2,1089,43,1104,6,1105,2,1112,43,1100.0,106746.875
1,5100,STARFRUIT,5054,1,5053,25,,,5060,25,,,,,5057.0,59.0
1,5200,STARFRUIT,5053,30,,,,,5060,30,,,,,5056.5,59.0
1,5200,AMETHYSTS,9998,6,9996,1,9995,29,10004,1,10005,29,,,10001.0,120.0
1,5200,ORCHIDS,1097,9,1096,2,1090,51,1105,9,1106,2,1113,51,1101.0,106744.9765625
1,5300,STARFRUIT,5059,1,5054,22,,,5060,1,5061,21,,,5059.5,62.8681640625
1,5300,AMETHYSTS,9996,1,9995,21,,,10004,1,10005,21,,,10000.0,126.0
1,5300,ORCHIDS,1098,9,1097,5,1091,41,1106,9,1107,5,1114,41,1102.0,106743.078125
1,5400,AMETHYSTS,9998,9,9996,2,9995,20,10004,2,10005,20,,,10001.0,126.0
1,5400,ORCHIDS,1098,6,1097,5,1091,39,1106,6,1107,5,1114,39,1102.0,106742.1796875
1,5400,STARFRUIT,5054,22,,,,,5055,5,5059,7,5061,22,5054.5,63.4609375
1,5500,ORCHIDS,1097,10,1096,3,1089,56,1105,10,1106,3,1112,56,1101.0,106742.78125
1,5500,STARFRUIT,5054,29,,,,,5060,1,5061,28,,,5057.0,75.119140625
1,5500,AMETHYSTS,9996,1,9995,28,,,10004,1,10005,28,,,10000.0,126.0
1,5600,STARFRUIT,5054,8,5053,21,,,5060,21,,,,,5057.0,74.412109375
1,5600,AMETHYSTS,9995,21,,,,,10002,6,10005,21,,,9998.5,126.0
1,5600,ORCHIDS,1098,5,1097,2,1090,43,1106,5,1107,2,1113,43,1102.0,106741.3828125
1,5700,STARFRUIT,5055,7,5054,30,,,5060,1,5061,29,,,5057.5,75.30859375
1,5700,AMETHYSTS,9996,1,9995,29,,,10004,1,10005,29,,,10000.0,126.0
1,5700,ORCHIDS,1099,7,1098,5,1091,55,1107,7,1108,5,1114,55,1103.0,106739.984375
1,5800,ORCHIDS,1099,10,1098,4,1091,53,1107,10,1108,4,1115,53,1103.0,106739.0859375
1,5800,AMETHYSTS,9996,2,9995,28,,,10002,5,10004,2,10005,28,9999.0,126.0
1,5800,STARFRUIT,5055,7,5054,30,,,5061,30,,,,,5058.0,75.7568359375
1,5900,ORCHIDS,1098,9,1097,5,1090,52,1106,9,1107,5,1113,52,1102.0,106739.6875
1,5900,STARFRUIT,5058,4,5054,31,,,5061,31,,,,,5059.5,75.5927734375
1,5900,AMETHYSTS,9996,2,9995,29,,,10004,2,10005,29,,,10000.0,126.0
1,6000,STARFRUIT,5054,2,5053,30,,,5060,32,,,,,5057.0,79.1552734375
1,6000,ORCHIDS,1098,10,1096,4,1090,58,1105,10,1107,4,1113,58,1101.5,106739.2890625
1,6000,AMETHYSTS,9998,7,9996,2,9995,30,10004,2,10005,30,,,10001.0,126.0
1,6100,STARFRUIT,5054,29,,,,,5055,5,5059,8,5061,29,5054.5,99.703125
1,6100,AMETHYSTS,10002,11,9996,1,9995,28,10004,1,10005,28,,,10003.0,126.0
1,6100,ORCHIDS,1098,8,1097,5,1091,49,1106,8,1107,5,1114,49,1102.0,106738.390625
1,6200,ORCHIDS,1100,9,1099,2,1093,43,1108,9,1109,2,1116,43,1104.0,106735.4921875
1,6200,AMETHYSTS,9996,1,9995,20,,,10004,1,10005,20,,,10000.0,148.0
1,6200,STARFRUIT,5054,21,,,,,5061,21,,,,,5057.5,108.48828125
1,6300,ORCHIDS,1100,9,1099,2,1092,46,1108,9,1109,2,1116,46,1104.0,106734.59375
1,6300,STARFRUIT,5054,22,,,,,5062,22,,,,,5058.0,123.9296875
1,6300,AMETHYSTS,9995,22,,,,,10005,22,,,,,10000.0,151.0
1,6400,STARFRUIT,5059,3,5054,25,,,5061,25,,,,,5060.0,132.40625
1,6400,ORCHIDS,1098,7,1097,4,1091,48,1106,7,1107,4,1114,48,1102.0,106735.6953125
1,6400,AMETHYSTS,9996,2,9995,23,,,9998,1,10004,2,10005,23,9997.0,151.0
1,6500,STARFRUIT,5054,26,,,,,5061,26,,,,,5057.5,130.984375
1,6500,AMETHYSTS,9996,2,9995,24,,,10004,2,10005,24,,,10000.0,153.0
1,6500,ORCHIDS,1097,9,1096,4,1090,46,1105,9,1106,4,1113,46,1101.0,106735.796875
1,6600,ORCHIDS,1097,10,1096,4,1089,48,1105,10,1106,4,1113,48,1101.0,106734.8984375
1,6600,AMETHYSTS,9998,6,9995,25,,,10005,25,,,,,10001.5,153.0
1,6600,STARFRUIT,5055,25,,,,,5062,25,,,,,5058.5,118.7265625
1,6700,ORCHIDS,1096,9,1095,2,1088,51,1104,9,1105,2,1111,51,1100.0,106735.5
1,6700,STARFRUIT,5054,30,,,,,5061,30,,,,,5057.5,136.9609375
1,6700,AMETHYSTS,9996,1,9995,29,,,9998,5,10004,1,10005,29,9997.0,153.0
1,6800,STARFRUIT,5054,3,5053,30,,,5060,31,,,,,5057.0,146.75
1,6800,ORCHIDS,1094,5,1093,5,1087,50,1102,5,1103,5,1110,50,1098.0,106736.6015625
1,6800,AMETHYSTS,9996,1,9995,30,,,10002,1,10004,1,10005,30,9999.0,163.0
1,6900,STARFRUIT,5053,24,,,,,5060,24,,,,,5056.5,153.125
1,6900,AMETHYSTS,9996,2,9995,22,,,10002,2,10004,2,10005,22,9999.0,163.0
1,6900,ORCHIDS,1095,5,1094,5,1088,41,1103,5,1104,5,1111,41,1099.0,106734.703125
1,7000,ORCHIDS,1095,10,1094,3,1087,48,1103,10,1104,3,1111,48,1099.0,106733.8046875
1,7000,AMETHYSTS,9996,1,9995,22,,,10004,1,10005,22,,,10000.0,163.0
1,7000,STARFRUIT,5058,2,5055,1,5054,23,5061,23,,,,,5059.5,138.2578125
1,7100,ORCHIDS,1095,6,1094,5,1087,49,1103,6,1104,5,1111,49,1099.0,106732.90625
1,7100,STARFRUIT,5054,27,,,,,5061,27,,,,,5057.5,129.5546875
1,7100,AMETHYSTS,9996,2,9995,25,,,10004,2,10005,25,,,10000.0,163.0
1,7200,STARFRUIT,5055,20,,,,,5062,20,,,,,5058.5,119.359375
1,7200,ORCHIDS,1096,8,1095,3,1089,38,1104,8,1105,3,1112,38,1100.0,106731.0078125
1,7200,AMETHYSTS,9995,20,,,,,10005,20,,,,,10000.0,163.0
1,7300,STARFRUIT,5055,1,5054,21,,,5059,8,5061,22,,,5057.0,126.171875
1,7300,AMETHYSTS,9996,1,9995,21,,,10004,1,10005,21,,,10000.0,163.0
1,7300,ORCHIDS,1096,8,1095,3,1089,44,1104,8,1105,3,1112,44,1100.0,106730.109375
1,7400,ORCHIDS,1096,10,1095,3,1088,46,1104,10,1105,3,1111,46,1100.0,106729.7109375
1,7400,AMETHYSTS,9996,2,9995,26,,,10004,2,10005,26,,,10000.0,163.0
1,7400,STARFRUIT,5055,27,,,,,5062,28,,,,,5058.5,116.1015625
1,7500,STARFRUIT,5055,21,,,,,5062,21,,,,,5058.5,121.953125
1,7500,ORCHIDS,1098,8,1097,4,1090,40,1106,8,1107,4,1113,40,1102.0,106727.3125
1,7500,AMETHYSTS,9995,21,,,,,10005,21,,,,,10000.0,163.0
1,7600,AMETHYSTS,9998,2,9996,1,9995,30,10004,1,10005,30,,,10001.0,163.0
1,7600,ORCHIDS,1098,9,1097,5,1090,53,1106,9,1107,5,1113,53,1102.0,106726.9140625
1,7600,STARFRUIT,5054,31,,,,,5061,31,,,,,5057.5,131.625
1,7700,AMETHYSTS,9995,25,,,,,9998,1,10002,3,10005,25,9996.5,163.0
1,7700,STARFRUIT,5054,25,,,,,5061,25,,,,,5057.5,132.1875
1,7700,ORCHIDS,1097,7,1096,3,1089,44,1105,7,1106,3,1112,44,1101.0,106727.515625
1,7800,AMETHYSTS,9995,22,,,,,10002,1,10005,22,,,9998.5,165.0
1,7800,ORCHIDS,1094,8,1093,3,1087,41,1102,8,1103,3,1110,41,1098.0,106729.6171875
1,7800,STARFRUIT,5060,1,5054,22,,,5061,22,,,,,5060.5,125.109375
1,7900,STARFRUIT,5055,1,5054,23,,,5059,1,5061,24,,,5057.0,126.6875
1,7900,ORCHIDS,1093,6,1092,2,1086,41,1101,6,1102,2,1109,41,1097.0,106729.71875
1,7900,AMETHYSTS,9996,1,9995,23,,,10004,1,10005,23,,,10000.0,165.0
1,8000,AMETHYSTS,9995,22,,,,,10002,8,10005,22,,,9998.5,165.0
1,8000,ORCHIDS,1099,2,1093,9,1092,2,1101,9,1102,2,1109,48,1100.0,106728.8203125
1,8000,STARFRUIT,5054,22,,,,,5061,22,,,,,5057.5,135.984375
1,8100,AMETHYSTS,9996,1,9995,30,,,10004,1,10005,30,,,10000.0,165.0
1,8100,STARFRUIT,5054,31,,,,,5061,31,,,,,5057.5,139.234375
1,8100,ORCHIDS,1093,6,1092,2,1085,47,1101,6,1102,2,1108,47,1097.0,106734.421875
1,8200,AMETHYSTS,9995,24,,,,,10005,24,,,,,10000.0,165.0
1,8200,ORCHIDS,1092,5,1091,2,1084,43,1100,5,1101,2,1107,43,1096.0,106735.0234375
1,8200,STARFRUIT,5054,24,,,,,5059,7,5061,24,,,5056.5,138.546875
1,8300,STARFRUIT,5055,9,5054,23,,,5061,24,,,,,5058.0,128.21875
1,8300,ORCHIDS,1092,6,1091,4,1085,43,1100,6,1101,4,1108,43,1096.0,106734.125
1,8300,AMETHYSTS,9996,1,9995,23,,,10004,1,10005,23,,,10000.0,201.0
1,8400,AMETHYSTS,9996,1,9995,23,,,10004,1,10005,23,,,10000.0,201.0
1,8400,ORCHIDS,1093,9,1092,3,1086,46,1101,9,1102,3,1109,46,1097.0,106732.2265625
1,8400,STARFRUIT,5055,24,,,,,5061,1,5062,23,,,5058.0,123.03125
1,8500,AMETHYSTS,9995,21,,,,,10005,21,,,,,10000.0,201.0
1,8500,STARFRUIT,5054,21,,,,,5062,21,,,,,5058.0,124.328125
1,8500,ORCHIDS,1093,7,1092,2,1085,39,1101,7,1102,2,1108,39,1097.0,106731.828125
1,8600,AMETHYSTS,9996,1,9995,24,,,10004,1,10005,24,,,10000.0,201.0
1,8600,ORCHIDS,1092,8,1091,4,1084,46,1100,8,1101,4,1107,46,1096.0,106732.4296875
1,8600,STARFRUIT,5055,1,5054,24,,,5061,25,,,,,5058.0,126.125
1,8700,STARFRUIT,5054,30,,,,,5061,30,,,,,5057.5,136.1796875
1,8700,ORCHIDS,1092,7,1090,2,1084,51,1099,7,1101,2,1107,51,1095.5,106732.03125
1,8700,AMETHYSTS,9995,30,,,,,10005,30,,,,,10000.0,201.0
1,8800,AMETHYSTS,9998,1,9996,2,9995,22,10004,2,10005,22,,,10001.0,201.0
1,8800,ORCHIDS,1091,8,1090,3,1084,44,1099,8,1100,3,1107,44,1095.0,106732.1328125
1,8800,STARFRUIT,5054,2,5053,22,,,5060,2,5061,22,,,5057.0,144.6171875
1,8900,AMETHYSTS,9996,2,9995,27,,,10004,2,10005,27,,,10000.0,201.0
1,8900,STARFRUIT,5054,29,,,,,5061,29,,,,,5057.5,136.0234375
1,8900,ORCHIDS,1090,9,1089,4,1083,48,1098,9,1099,4,1106,48,1094.0,106732.234375
1,9000,AMETHYSTS,9995,20,,,,,10005,20,,,,,10000.0,221.0
1,9000,ORCHIDS,1091,7,1090,3,1083,47,1099,7,1100,3,1106,47,1095.0,106730.8359375
1,9000,STARFRUIT,5054,20,,,,,5059,2,5061,20,,,5056.5,127.015625
1,9100,STARFRUIT,5055,26,,,,,5061,1,5062,25,,,5058.0,120.0546875
1,9100,ORCHIDS,1090,5,1089,3,1082,43,1094,9,1098,5,1099,3,1092.0,106731.4375
1,9100,AMETHYSTS,9998,3,9996,1,9995,25,10004,1,10005,25,,,10001.0,221.0
1,9200,AMETHYSTS,9998,2,9995,21,,,10005,21,,,,,10001.5,221.0
1,9200,ORCHIDS,1087,9,1086,2,1080,47,1095,9,1096,2,1103,47,1091.0,106733.5390625
1,9200,STARFRUIT,5055,21,,,,,5060,6,5062,21,,,5057.5,120.609375
1,9300,AMETHYSTS,9996,2,9995,23,,,10004,2,10005,23,,,10000.0,221.0
1,9300,STARFRUIT,5061,1,5055,25,,,5062,25,,,,,5061.5,112.5625
1,9300,ORCHIDS,1087,8,1086,4,1080,43,1095,8,1096,4,1103,43,1091.0,106732.640625
1,9400,AMETHYSTS,9995,30,,,,,10005,30,,,,,10000.0,221.0
1,9400,ORCHIDS,1088,9,1087,3,1081,49,1096,9,1097,3,1104,49,1092.0,106730.7421875
1,9400,STARFRUIT,5055,30,,,,,5056,1,5062,30,,,5055.5,110.9609375
1,9500,STARFRUIT,5056,6,5055,28,,,5062,28,,,,,5059.0,117.078125
1,9500,ORCHIDS,1087,8,1086,4,1080,48,1095,8,1096,4,1103,48,1091.0,106730.84375
1,9500,AMETHYSTS,9996,1,9995,27,,,10004,1,10005,27,,,10000.0,221.0
1,9600,AMETHYSTS,9998,6,9996,2,9995,30,10004,2,10005,30,,,10001.0,221.0
1,9600,ORCHIDS,1086,10,1085,3,1079,50,1094,10,1095,3,1102,50,1090.0,106730.9453125
1,9600,STARFRUIT,5061,1,5056,2,5055,30,5062,32,,,,,5061.5,111.0234375
1,9700,AMETHYSTS,9996,1,9995,26,,,10004,1,10005,26,,,10000.0,221.0
1,9700,STARFRUIT,5057,2,5056,27,,,5063,27,,,,,5060.0,100.1328125
1,9700,ORCHIDS,1086,5,1085,3,1078,50,1094,5,1095,3,1101,50,1090.0,106730.546875
1,9800,ORCHIDS,1086,10,1084,5,1078,49,1093,10,1095,5,1101,49,1089.5,106730.1484375
1,9800,STARFRUIT,5056,30,,,,,5061,2,5062,1,5063,29,5058.5,106.4296875
1,9800,AMETHYSTS,9996,1,9995,29,,,9998,1,10002,8,10004,1,9997.0,221.0
1,9900,STARFRUIT,5056,2,5055,29,,,5058,5,5062,31,,,5057.0,111.7265625
1,9900,ORCHIDS,1088,5,1085,5,1084,4,1093,5,1094,4,1100,54,1090.5,106730.75
1,9900,AMETHYSTS,9998,2,9996,2,9995,29,10000,6,10004,2,10005,29,9999.0,223.0
1,10000,ORCHIDS,1085,10,1084,5,1077,47,1093,10,1094,5,1101,47,1089.0,106732.8515625
1,10000,STARFRUIT,5056,7,5055,23,,,5062,23,,,,,5059.0,120.578125
1,10000,AMETHYSTS,9995,23,,,,,10002,1,10005,23,,,9998.5,223.0
1,10100,AMETHYSTS,9995,22,,,,,10005,22,,,,,10000.0,244.0
1,10100,STARFRUIT,5055,22,,,,,5062,22,,,,,5058.5,123.1328125
1,10100,ORCHIDS,1084,7,1083,4,1076,41,1092,7,1093,4,1099,41,1088.0,106733.453125
1,10200,STARFRUIT,5055,25,,,,,5061,2,5062,23,,,5058.0,126.15625
1,10200,AMETHYSTS,9996,2,9995,23,,,10002,1,10004,2,10005,23,9999.0,244.0
1,10200,ORCHIDS,1083,5,1082,4,1075,48,1091,5,1092,4,1098,48,1087.0,106734.0546875
1,10300,STARFRUIT,5055,21,,,,,5062,21,,,,,5058.5,123.859375
1,10300,ORCHIDS,1084,8,1083,3,1077,47,1092,8,1093,3,1100,47,1088.0,106732.15625
1,10300,AMETHYSTS,9995,21,,,,,10005,21,,,,,10000.0,244.0
1,10400,ORCHIDS,1085,7,1083,4,1077,46,1092,7,1094,4,1100,46,1088.5,106730.7578125
1,10400,STARFRUIT,5055,21,,,,,5062,21,,,,,5058.5,123.9609375
1,10400,AMETHYSTS,9995,21,,,,,10005,21,,,,,10000.0,244.0
1,10500,ORCHIDS,1085,5,1083,5,1077,54,1092,5,1094,5,1100,54,1088.5,106730.359375
1,10500,AMETHYSTS,9995,29,,,,,10002,1,10005,29,,,9998.5,244.0
1,10500,STARFRUIT,5056,7,5055,29,,,5062,29,,,,,5059.0,127.015625
1,10600,STARFRUIT,5058,4,5055,27,,,5060,6,5062,27,,,5059.0,123.5390625
1,10600,AMETHYSTS,10000,4,9996,1,9995,26,10002,4,10004,1,10005,26,10001.0,244.0
1,10600,ORCHIDS,1086,8,1085,5,1078,53,1094,8,1095,5,1101,53,1090.0,106728.9609375
1,10700,STARFRUIT,5056,1,5055,22,,,5062,22,,,,,5059.0,120.7734375
1,10700,ORCHIDS,1085,8,1084,4,1077,41,1093,8,1094,4,1100,41,1089.0,106729.5625
1,10700,AMETHYSTS,9996,1,9995,21,,,10004,1,10005,21,,,10000.0,244.0
1,10800,ORCHIDS,1084,6,1083,4,1077,47,1092,6,1093,4,1100,47,1088.0,106729.6640625
1,10800,STARFRUIT,5061,1,5057,8,5056,25,5062,2,5063,23,,,5061.5,112.46875
1,10800,AMETHYSTS,9996,2,9995,23,,,10004,2,10005,23,,,10000.0,244.0
1,10900,ORCHIDS,1085,10,1084,4,1077,52,1093,10,1094,4,1100,52,1089.0,106728.265625
1,10900,AMETHYSTS,9998,10,9996,2,9995,30,10004,2,10005,30,,,10001.0,250.0
1,10900,STARFRUIT,5055,32,,,,,5062,32,,,,,5058.5,120.828125
1,11000,STARFRUIT,5055,25,,,,,5061,1,5062,24,,,5058.0,130.6015625
1,11000,AMETHYSTS,9996,1,9995,24,,,10004,1,10005,24,,,10000.0,250.0
1,11000,ORCHIDS,1085,8,1084,4,1077,42,1093,8,1094,4,1100,42,1089.0,106727.8671875
1,11100,STARFRUIT,5055,27,,,,,5060,8,5061,2,5062,25,5057.5,131.1953125
1,11100,ORCHIDS,1083,10,1082,4,1076,49,1091,10,1092,4,1099,49,1087.0,106728.96875
1,11100,AMETHYSTS,9996,2,9995,25,,,10004,2,10005,25,,,10000.0,250.0
1,11200,ORCHIDS,1083,10,1082,5,1076,56,1091,10,1092,5,1099,56,1087.0,106728.0703125
1,11200,STARFRUIT,5055,27,,,,,5062,27,,,,,5058.5,123.4765625
1,11200,AMETHYSTS,9996,1,9995,26,,,10004,1,10005,26,,,10000.0,250.0
1,11300,ORCHIDS,1082,10,1081,2,1075,52,1090,10,1091,2,1098,52,1086.0,106728.171875
1,11300,AMETHYSTS,9995,29,,,,,9998,1,10005,29,,,9996.5,250.0
1,11300,STARFRUIT,5054,29,,,,,5061,29,,,,,5057.5,134.5859375
1,11400,STARFRUIT,5055,6,5054,22,,,5061,22,,,,,5058.0,135.140625
1,11400,AMETHYSTS,10002,1,9995,22,,,10005,22,,,,,10003.5,252.0
1,11400,ORCHIDS,1082,5,1081,3,1074,39,1090,5,1091,3,1097,39,1086.0,106727.7734375
1,11500,STARFRUIT,5055,6,5054,27,,,5061,27,,,,,5058.0,134.53125
1,11500,ORCHIDS,1082,10,1081,4,1074,53,1090,10,1091,4,1097,53,1086.0,106727.375
1,11500,AMETHYSTS,9995,27,,,,,10005,27,,,,,10000.0,254.0
1,11600,ORCHIDS,1081,6,1080,5,1074,53,1089,6,1090,5,1097,53,1085.0,106727.4765625
1,11600,STARFRUIT,5055,31,,,,,5061,1,5062,30,,,5058.0,129.859375
1,11600,AMETHYSTS,9998,6,9996,1,9995,30,10004,1,10005,30,,,10001.0,254.0
1,11700,ORCHIDS,1082,7,1080,3,1074,44,1089,7,1091,3,1097,44,1085.5,106726.078125
1,11700,AMETHYSTS,9996,1,9995,22,,,10000,2,10004,1,10005,22,9998.0,254.0
1,11700,STARFRUIT,5054,23,,,,,5057,3,5061,23,,,5055.5,140.6328125
1,11800,STARFRUIT,5055,2,5054,25,,,5061,27,,,,,5058.0,135.7265625
1,11800,AMETHYSTS,9996,2,9995,25,,,10004,2,10005,25,,,10000.0,254.0
1,11800,ORCHIDS,1082,7,1080,2,1074,43,1089,7,1091,2,1097,43,1085.5,106725.6796875
1,11900,STARFRUIT,5059,8,5054,21,,,5061,21,,,,,5060.0,141.625
1,11900,ORCHIDS,1082,10,1081,2,1075,42,1090,10,1091,2,1098,42,1086.0,106724.78125
1,11900,AMETHYSTS,9996,1,9995,20,,,10004,1,10005,20,,,10000.0,254.0
1,12000,ORCHIDS,1081,5,1080,2,1073,38,1089,5,1090,2,1096,38,1085.0,106725.3828125
1,12000,STARFRUIT,5054,24,,,,,5060,2,5061,22,,,5057.0,161.046875
1,12000,AMETHYSTS,9996,2,9995,22,,,9998,1,10004,2,10005,22,9997.0,254.0
1,12100,AMETHYSTS,9995,24,,,,,9998,2,10005,24,,,9996.5,256.0
1,12100,ORCHIDS,1082,8,1081,3,1074,43,1086,5,1090,8,1091,3,1084.0,106723.984375
1,12100,STARFRUIT,5053,24,,,,,5059,8,5061,24,,,5056.0,161.65625
1,12200,STARFRUIT,5055,7,5054,25,,,5061,25,,,,,5058.0,155.7890625
1,12200,AMETHYSTS,9996,1,9995,24,,,10002,3,10004,1,10005,24,9999.0,260.0
1,12200,ORCHIDS,1082,7,1081,2,1075,43,1090,7,1091,2,1098,43,1086.0,106723.0859375
1,12300,STARFRUIT,5054,21,,,,,5056,3,5061,21,,,5055.0,149.8828125
1,12300,AMETHYSTS,9996,1,9995,20,,,10004,1,10005,20,,,10000.0,260.0
1,12300,ORCHIDS,1083,5,1082,3,1076,36,1091,5,1092,3,1099,36,1087.0,106721.1875
1,12400,ORCHIDS,1083,10,1082,4,1076,58,1091,10,1092,4,1099,58,1087.0,106720.2890625
1,12400,STARFRUIT,5054,28,,,,,5060,1,5061,28,,,5057.0,161.96875
1,12400,AMETHYSTS,9996,1,9995,28,,,10004,1,10005,28,,,10000.0,260.0
1,12500,AMETHYSTS,9996,2,9995,22,,,10004,2,10005,22,,,10000.0,263.0
1,12500,ORCHIDS,1083,5,1082,5,1075,45,1091,5,1092,5,1098,45,1087.0,106719.890625
1,12500,STARFRUIT,5054,2,5053,22,,,5060,2,5061,22,,,5057.0,165.0859375
1,12600,STARFRUIT,5054,2,5053,30,,,5060,30,,,,,5057.0,173.828125
1,12600,AMETHYSTS,9996,2,9995,28,,,10004,2,10005,28,,,10000.0,263.0
1,12600,ORCHIDS,1083,5,1082,3,1075,43,1091,5,1092,3,1098,43,1087.0,106719.4921875
1,12700,STARFRUIT,5054,1,5053,23,,,5060,24,,,,,5057.0,168.34375
1,12700,AMETHYSTS,9996,1,9995,23,,,9998,3,10004,1,10005,23,9997.0,263.0
1,12700,ORCHIDS,1084,8,1083,4,1076,45,1088,7,1092,8,1093,4,1086.0,106718.09375
1,12800,ORCHIDS,1084,9,1083,2,1076,51,1092,9,1093,2,1099,51,1088.0,106717.6953125
1,12800,STARFRUIT,5054,24,,,,,5059,1,5060,1,5061,23,5056.5,162.84375
1,12800,AMETHYSTS,9998,4,9996,1,9995,23,10004,1,10005,23,,,10001.0,269.0
1,12900,AMETHYSTS,9995,29,,,,,10005,29,,,,,10000.0,269.0
1,12900,ORCHIDS,1083,8,1082,5,1075,57,1091,8,1092,5,1098,57,1087.0,106718.296875
1,12900,STARFRUIT,5059,1,5054,29,,,5061,29,,,,,5060.0,159.921875
1,13000,STARFRUIT,5054,26,,,,,5061,26,,,,,5057.5,154.9140625
1,13000,AMETHYSTS,9996,1,9995,25,,,9998,1,10004,1,10005,25,9997.0,269.0
1,13000,ORCHIDS,1084,7,1083,4,1076,50,1092,7,1093,4,1099,50,1088.0,106716.8984375
1,13100,STARFRUIT,5054,25,,,,,5060,1,5061,24,,,5057.0,163.109375
1,13100,AMETHYSTS,10002,3,9996,1,9995,24,10004,1,10005,24,,,10003.0,271.0
1,13100,ORCHIDS,1083,5,1082,5,1076,43,1091,5,1092,5,1099,43,1087.0,106717.0
1,13200,ORCHIDS,1083,6,1082,2,1076,43,1091,6,1092,2,1099,43,1087.0,106716.1015625
1,13200,STARFRUIT,5054,21,,,,,5060,1,5061,20,,,5057.0,165.5625
1,13200,AMETHYSTS,9996,1,9995,20,,,10004,1,10005,20,,,10000.0,277.0
1,13300,AMETHYSTS,9996,1,9995,29,,,10004,1,10005,29,,,10000.0,277.0
1,13300,ORCHIDS,1085,9,1084,2,1077,58,1093,9,1094,2,1100,58,1089.0,106713.703125
1,13300,STARFRUIT,5054,1,5053,29,,,5060,1,5061,29,,,5057.0,172.625
1,13400,STARFRUIT,5053,31,,,,,5060,31,,,,,5056.5,178.7109375
1,13400,AMETHYSTS,9996,2,9995,29,,,10004,2,10005,29,,,10000.0,277.0
1,13400,ORCHIDS,1084,7,1083,5,1077,54,1092,7,1093,5,1100,54,1088.0,106713.8046875
1,13500,STARFRUIT,5053,23,,,,,5058,1,5060,23,,,5055.5,188.453125
1,13500,AMETHYSTS,9996,2,9995,21,,,10004,2,10005,21,,,10000.0,277.0
1,13500,ORCHIDS,1083,6,1082,2,1075,46,1091,6,1092,2,1098,46,1087.0,106714.40625
1,13600,ORCHIDS,1084,7,1083,3,1076,50,1092,7,1093,3,1099,50,1088.0,106713.0078125
1,13600,STARFRUIT,5055,3,5052,30,,,5059,30,,,,,5057.0,201.0625
1,13600,AMETHYSTS,10002,1,10000,3,9998,7,10005,30,,,,,10003.5,277.0
1,13700,AMETHYSTS,9996,1,9995,29,,,10002,9,10004,1,10005,29,9999.0,279.0
1,13700,ORCHIDS,1084,8,1083,4,1077,57,1092,8,1093,4,1100,57,1088.0,106712.109375
1,13700,STARFRUIT,5053,1,5052,29,,,5057,2,5059,30,,,5055.0,195.25
1,13800,STARFRUIT,5052,26,,,,,5059,26,,,,,5055.5,194.984375
1,13800,AMETHYSTS,9995,26,,,,,10002,1,10005,26,,,9998.5,279.0
1,13800,ORCHIDS,1085,6,1084,4,1077,47,1093,6,1094,4,1100,47,1089.0,106710.7109375
1,13900,STARFRUIT,5053,20,,,,,5058,3,5059,1,5060,20,5055.5,188.6640625
1,13900,AMETHYSTS,9996,1,9995,20,,,10002,5,10004,1,10005,20,9999.0,279.0
1,13900,ORCHIDS,1085,6,1084,5,1077,46,1093,6,1094,5,1101,46,1089.0,106709.8125
1,14000,ORCHIDS,1087,7,1086,2,1080,50,1095,7,1096,2,1103,50,1091.0,106706.9140625
1,14000,STARFRUIT,5053,29,,,,,5059,1,5060,28,,,5056.0,191.3984375
1,14000,AMETHYSTS,9996,1,9995,28,,,10004,1,10005,28,,,10000.0,279.0
1,14100,AMETHYSTS,9996,1,9995,27,,,10004,1,10005,27,,,10000.0,279.0
1,14100,ORCHIDS,1087,10,1086,2,1080,50,1095,10,1096,2,1103,50,1091.0,106706.015625
1,14100,STARFRUIT,5057,4,5053,28,,,5060,28,,,,,5058.5,184.7265625
1,14200,STARFRUIT,5053,27,,,,,5060,27,,,,,5056.5,184.0625
1,14200,AMETHYSTS,9996,1,9995,26,,,10004,1,10005,26,,,10000.0,279.0
1,14200,ORCHIDS,1086,9,1085,4,1078,50,1094,9,1095,4,1101,50,1090.0,106706.6171875
1,14300,STARFRUIT,5054,32,,,,,5061,32,,,,,5057.5,162.625
1,14300,AMETHYSTS,9996,2,9995,30,,,10004,2,10005,30,,,10000.0,279.0
1,14300,ORCHIDS,1086,6,1085,4,1078,48,1094,6,1095,4,1101,48,1090.0,106706.21875
1,14400,AMETHYSTS,10002,1,9996,1,9995,26,10004,1,10005,26,,,10003.0,279.0
1,14400,ORCHIDS,1086,5,1085,5,1078,49,1094,5,1095,5,1102,49,1090.0,106705.3203125
1,14400,STARFRUIT,5055,6,5054,26,,,5061,27,,,,,5058.0,198.421875
1,14500,ORCHIDS,1087,10,1086,5,1079,44,1095,10,1096,5,1102,44,1091.0,106703.921875
1,14500,STARFRUIT,5055,1,5054,20,,,5056,5,5061,21,,,5055.5,198.271484375
1,14500,AMETHYSTS,9996,1,9995,20,,,9998,9,10002,2,10004,1,9997.0,281.0
1,14600,STARFRUIT,5055,23,,,,,5060,5,5062,23,,,5057.5,208.0
1,14600,AMETHYSTS,9996,1,9995,22,,,10002,4,10004,1,10005,22,9999.0,299.0
1,14600,ORCHIDS,1088,7,1087,2,1080,41,1096,7,1097,2,1103,41,1092.0,106702.5234375
1,14700,STARFRUIT,5060,1,5057,2,5055,2,5061,26,,,,,5060.5,208.0
1,14700,AMETHYSTS,10000,2,9995,26,,,10005,26,,,,,10002.5,299.0
1,14700,ORCHIDS,1088,9,1087,4,1080,48,1096,9,1097,4,1103,48,1092.0,106702.125
1,14800,ORCHIDS,1088,6,1087,3,1080,44,1096,6,1097,3,1103,44,1092.0,106701.7265625
1,14800,AMETHYSTS,9996,1,9995,23,,,10004,1,10005,23,,,10000.0,299.0
1,14800,STARFRUIT,5054,24,,,,,5061,24,,,,,5057.5,210.5263671875
1,14900,ORCHIDS,1092,8,1089,7,1088,5,1097,7,1098,5,1104,47,1094.5,106700.328125
1,14900,STARFRUIT,5055,21,,,,,5060,7,5061,1,5062,20,5057.5,209.91357421875
1,14900,AMETHYSTS,9996,1,9995,20,,,10004,1,10005,20,,,10000.0,299.0
1,15000,STARFRUIT,5060,1,5055,25,,,5062,25,,,,,5061.0,209.89990234375
1,15000,ORCHIDS,1088,9,1087,4,1081,51,1096,9,1097,4,1104,51,1092.0,106703.4296875
1,15000,AMETHYSTS,9998,1,9995,25,,,10005,25,,,,,10001.5,299.0
1,15100,STARFRUIT,5054,26,,,,,5061,26,,,,,5057.5,212.7255859375
1,15100,AMETHYSTS,9998,10,9995,26,,,10005,26,,,,,10001.5,299.0
1,15100,ORCHIDS,1088,10,1087,2,1081,52,1096,10,1097,2,1104,52,1092.0,106702.53125
1,15200,ORCHIDS,1087,6,1086,3,1080,45,1095,6,1096,3,1103,45,1091.0,106702.6328125
1,15200,AMETHYSTS,9995,25,,,,,10002,10,10005,25,,,9998.5,299.0
1,15200,STARFRUIT,5055,2,5054,25,,,5056,3,5061,25,,,5055.5,212.71484375
1,15300,ORCHIDS,1087,5,1086,4,1080,46,1095,5,1096,4,1103,46,1091.0,106701.734375
1,15300,STARFRUIT,5055,3,5054,24,,,5061,26,,,,,5058.0,217.86474609375
1,15300,AMETHYSTS,9996,2,9995,24,,,10004,2,10005,24,,,10000.0,299.0
1,15400,STARFRUIT,5054,24,,,,,5059,1,5061,24,,,5056.5,217.6220703125
1,15400,ORCHIDS,1087,10,1086,3,1079,52,1095,10,1096,3,1102,52,1091.0,106701.3359375
1,15400,AMETHYSTS,9996,1,9995,23,,,10004,1,10005,23,,,10000.0,299.0
1,15500,STARFRUIT,5056,2,5055,24,,,5062,24,,,,,5059.0,218.4208984375
1,15500,AMETHYSTS,10002,1,9998,1,9996,2,10004,2,10005,22,,,10003.0,299.0
1,15500,ORCHIDS,1094,4,1088,8,1087,4,1096,8,1097,4,1104,45,1095.0,106699.4375
1,15600,ORCHIDS,1088,6,1087,4,1080,47,1096,6,1097,4,1103,47,1092.0,106705.0390625
1,15600,AMETHYSTS,9996,2,9995,23,,,10002,6,10004,2,10005,23,9999.0,301.0
1,15600,STARFRUIT,5055,25,,,,,5062,25,,,,,5058.5,218.62255859375
1,15700,ORCHIDS,1087,5,1086,3,1080,35,1095,5,1096,3,1103,35,1091.0,106705.140625
1,15700,STARFRUIT,5056,1,5055,20,,,5062,1,5063,20,,,5059.0,219.02978515625
1,15700,AMETHYSTS,9998,8,9996,1,9995,20,10004,1,10005,20,,,10001.0,301.0
1,15800,STARFRUIT,5057,6,5056,25,,,5062,2,5063,23,,,5059.5,219.19970703125
1,15800,ORCHIDS,1087,8,1086,4,1080,49,1095,8,1096,4,1103,49,1091.0,106704.2421875
1,15800,AMETHYSTS,9996,2,9995,23,,,10004,2,10005,23,,,10000.0,301.0
1,15900,STARFRUIT,5056,8,5055,31,,,5062,31,,,,,5059.0,218.54443359375
1,15900,AMETHYSTS,9996,1,9995,30,,,10004,1,10005,30,,,10000.0,301.0
1,15900,ORCHIDS,1086,5,1085,2,1079,47,1089,5,1094,5,1095,2,1087.5,106704.34375
1,16000,ORCHIDS,1087,6,1086,5,1080,45,1095,6,1096,5,1103,45,1091.0,106702.4453125
1,16000,AMETHYSTS,9995,23,,,,,10005,23,,,,,10000.0,301.0
1,16000,STARFRUIT,5055,23,,,,,5061,1,5063,23,,,5058.0,218.998046875
1,16100,ORCHIDS,1087,8,1086,2,1080,44,1095,8,1096,2,1103,44,1091.0,106701.546875
1,16100,STARFRUIT,5057,3,5056,2,5055,25,5062,2,5063,25,,,5059.5,219.03466796875
1,16100,AMETHYSTS,9996,2,9995,25,,,10004,2,10005,25,,,10000.0,301.0
1,16200,STARFRUIT,5056,23,,,,,5063,23,,,,,5059.5,219.25
1,16200,ORCHIDS,1087,6,1086,2,1079,37,1095,6,1096,2,1103,37,1091.0,106700.6484375
1,16200,AMETHYSTS,9998,6,9996,2,9995,21,10004,2,10005,21,,,10001.0,301.0
1,16300,STARFRUIT,5056,24,,,,,5061,3,5062,2,5063,22,5058.5,219.18603515625
1,16300,AMETHYSTS,9996,2,9995,22,,,10004,2,10005,22,,,10000.0,301.0
1,16300,ORCHIDS,1086,8,1085,2,1078,49,1094,8,1095,2,1101,49,1090.0,106701.25
1,16400,AMETHYSTS,9996,1,9995,26,,,10004,1,10005,26,,,10000.0,301.0
1,16400,ORCHIDS,1086,7,1084,5,1078,52,1093,7,1095,5,1101,52,1089.5,106700.8515625
1,16400,STARFRUIT,5056,27,,,,,5063,27,,,,,5059.5,219.28369140625
1,16500,STARFRUIT,5055,23,,,,,5062,23,,,,,5058.5,220.3486328125
1,16500,ORCHIDS,1088,8,1085,10,1084,4,1093,10,1094,4,1100,47,1090.5,106701.453125
1,16500,AMETHYSTS,9996,1,9995,22,,,10004,1,10005,22,,,10000.0,301.0
1,16600,AMETHYSTS,10002,3,9996,2,9995,27,10004,2,10005,27,,,10003.0,301.0
1,16600,ORCHIDS,1084,8,1083,2,1076,45,1086,3,1092,8,1093,2,1085.0,106705.0546875
1,16600,STARFRUIT,5055,29,,,,,5062,29,,,,,5058.5,220.40234375
1,16700,AMETHYSTS,9996,2,9995,30,,,10004,2,10005,30,,,10000.0,307.0
1,16700,STARFRUIT,5055,32,,,,,5062,32,,,,,5058.5,220.158203125
1,16700,ORCHIDS,1085,5,1084,5,1077,48,1093,5,1094,5,1100,48,1089.0,106703.65625
1,16800,AMETHYSTS,9996,2,9995,26,,,10002,9,10004,2,10005,26,9999.0,307.0
1,16800,ORCHIDS,1085,9,1083,4,1077,46,1092,9,1094,4,1100,46,1088.5,106703.2578125
1,16800,STARFRUIT,5055,28,,,,,5060,2,5062,28,,,5057.5,242.76171875
1,16900,STARFRUIT,5055,23,,,,,5062,23,,,,,5058.5,245.40234375
1,16900,ORCHIDS,1084,8,1083,4,1076,50,1092,8,1093,4,1099,50,1088.0,106703.859375
1,16900,AMETHYSTS,10002,1,9995,23,,,10005,23,,,,,10003.5,307.0
1,17000,AMETHYSTS,10002,5,9998,5,9996,1,10004,1,10005,27,,,10003.0,309.0
1,17000,ORCHIDS,1085,6,1084,4,1078,46,1093,6,1094,4,1101,46,1089.0,106702.0625
1,17000,STARFRUIT,5054,28,,,,,5061,28,,,,,5057.5,248.0390625
1,17100,AMETHYSTS,9996,2,9995,25,,,10004,2,10005,25,,,10000.0,323.0
1,17100,STARFRUIT,5055,10,5054,25,,,5061,27,,,,,5058.0,251.8828125
1,17100,ORCHIDS,1086,6,1085,4,1078,50,1094,6,1095,4,1101,50,1090.0,106700.765625
1,17200,AMETHYSTS,10002,1,9996,2,9995,24,10004,2,10005,24,,,10003.0,323.0
1,17200,ORCHIDS,1086,9,1085,3,1078,52,1094,9,1095,3,1101,52,1090.0,106699.96875
1,17200,STARFRUIT,5055,8,5054,26,,,5061,26,,,,,5058.0,254.9296875
1,17300,STARFRUIT,5054,29,,,,,5059,2,5061,29,,,5056.5,256.01171875
1,17300,ORCHIDS,1083,6,1082,3,1075,48,1091,6,1092,3,1098,48,1087.0,106702.171875
1,17300,AMETHYSTS,9998,7,9995,29,,,10005,29,,,,,10001.5,325.0
1,17400,AMETHYSTS,9995,21,,,,,10002,10,10005,21,,,9998.5,325.0
1,17400,ORCHIDS,1083,9,1082,4,1075,41,1091,9,1092,4,1098,41,1087.0,106701.375
1,17400,STARFRUIT,5054,21,,,,,5061,21,,,,,5057.5,258.046875
1,17500,AMETHYSTS,9996,1,9995,27,,,10004,1,10005,27,,,10000.0,325.0
1,17500,STARFRUIT,5054,28,,,,,5061,28,,,,,5057.5,256.6015625
1,17500,ORCHIDS,1082,9,1081,2,1075,51,1090,9,1091,2,1098,51,1086.0,106701.078125
1,17600,AMETHYSTS,9996,1,9995,25,,,10002,3,10004,1,10005,25,9999.0,325.0
1,17600,ORCHIDS,1082,8,1081,5,1075,48,1090,8,1091,5,1098,48,1086.0,106699.78125
1,17600,STARFRUIT,5054,1,5053,25,,,5060,26,,,,,5057.0,260.04296875
1,17700,STARFRUIT,5053,26,,,,,5060,26,,,,,5056.5,262.73046875
1,17700,ORCHIDS,1082,10,1081,2,1075,48,1090,10,1091,2,1098,48,1086.0,106698.484375
1,17700,AMETHYSTS,9998,4,9996,2,9995,24,10004,2,10005,24,,,10001.0,325.0
1,17800,AMETHYSTS,9995,23,,,,,10002,6,10005,23,,,9998.5,325.0
1,17800,ORCHIDS,1083,10,1081,4,1075,46,1090,10,1092,4,1098,46,1086.5,106696.6875
1,17800,STARFRUIT,5052,23,,,,,5059,23,,,,,5055.5,268.5546875
1,17900,AMETHYSTS,9995,22,,,,,10005,22,,,,,10000.0,325.0
1,17900,STARFRUIT,5058,1,5053,4,5052,22,5059,22,,,,,5058.5,271.45703125
1,17900,ORCHIDS,1082,7,1081,4,1074,47,1090,7,1091,4,1097,47,1086.0,106696.890625
1,18000,AMETHYSTS,9998,10,9996,2,9995,23,10004,2,10005,23,,,10001.0,325.0
1,18000,ORCHIDS,1082,6,1081,3,1075,39,1090,6,1091,3,1098,39,1086.0,106695.59375
1,18000,STARFRUIT,5058,1,5053,2,5052,25,5059,25,,,,,5058.5,273.90234375
1,18100,STARFRUIT,5055,6,5052,31,,,5059,31,,,,,5057.0,277.14453125
1,18100,ORCHIDS,1082,5,1081,5,1075,55,1090,5,1091,5,1098,55,1086.0,106694.296875
1,18100,AMETHYSTS,10000,6,9996,1,9995,30,10004,1,10005,30,,,10002.0,325.0
1,18200,AMETHYSTS,9998,10,9995,28,,,10005,28,,,,,10001.5,325.0
1,18200,ORCHIDS,1081,6,1080,5,1074,49,1089,6,1090,5,1097,49,1085.0,106694.0
1,18200,STARFRUIT,5051,28,,,,,5059,28,,,,,5055.0,282.85546875
1,18300,AMETHYSTS,9998,9,9996,2,9995,28,10004,2,10005,28,,,10001.0,325.0
1,18300,STARFRUIT,5052,2,5051,28,,,5058,30,,,,,5055.0,284.54296875
1,18300,ORCHIDS,1083,7,1082,2,1075,55,1091,7,1092,2,1098,55,1087.0,106691.203125
1,18400,AMETHYSTS,9995,22,,,,,10005,22,,,,,10000.0,325.0
1,18400,ORCHIDS,1083,9,1081,3,1075,50,1090,9,1092,3,1098,50,1086.5,106690.40625
1,18400,STARFRUIT,5052,22,,,,,5059,22,,,,,5055.5,276.18359375
1,18500,STARFRUIT,5053,7,5052,25,,,5059,26,,,,,5056.0,273.02734375
1,18500,ORCHIDS,1083,7,1082,5,1076,46,1091,7,1092,5,1099,46,1087.0,106689.109375
1,18500,AMETHYSTS,9996,1,9995,25,,,10004,1,10005,25,,,10000.0,325.0
1,18600,AMETHYSTS,9996,2,9995,25,,,10004,2,10005,25,,,10000.0,325.0
1,18600,ORCHIDS,1084,5,1083,4,1077,48,1092,5,1093,4,1100,48,1088.0,106686.8125
1,18600,STARFRUIT,5053,1,5052,25,,,5057,4,5059,27,,,5055.0,274.0625
1,18700,AMETHYSTS,9998,7,9995,20,,,10005,20,,,,,10001.5,325.0
1,18700,STARFRUIT,5058,1,5052,20,,,5059,20,,,,,5058.5,276.6640625
1,18700,ORCHIDS,1083,7,1082,3,1076,38,1091,7,1092,3,1099,38,1087.0,106686.515625
1,18800,ORCHIDS,1085,9,1084,4,1077,53,1093,9,1094,4,1100,53,1089.0,106683.71875
1,18800,STARFRUIT,5057,10,5052,31,,,5059,31,,,,,5058.0,280.609375
1,18800,AMETHYSTS,9996,2,9995,29,,,10004,2,10005,29,,,10000.0,325.0
1,18900,STARFRUIT,5057,1,5052,31,,,5058,1,5059,30,,,5057.5,299.9765625
1,18900,ORCHIDS,1085,9,1084,3,1077,57,1093,9,1094,3,1101,57,1089.0,106682.421875
1,18900,AMETHYSTS,9996,1,9995,30,,,10004,1,10005,30,,,10000.0,325.0
1,19000,ORCHIDS,1083,9,1082,2,1075,54,1091,9,1092,2,1098,54,1087.0,106683.625
1,19000,STARFRUIT,5052,28,,,,,5057,4,5058,1,5059,27,5054.5,299.25
1,19000,AMETHYSTS,9996,1,9995,27,,,10004,1,10005,27,,,10000.0,325.0
1,19100,ORCHIDS,1082,8,1081,2,1075,54,1090,8,1091,2,1098,54,1086.0,106683.328125
1,19100,AMETHYSTS,9996,1,9995,29,,,10004,1,10005,29,,,10000.0,325.0
1,19100,STARFRUIT,5052,30,,,,,5054,2,5059,30,,,5053.0,288.1328125
1,19200,STARFRUIT,5052,24,,,,,5057,5,5059,24,,,5054.5,296.03125
1,19200,AMETHYSTS,9996,1,9995,23,,,10002,5,10004,1,10005,23,9999.0,325.0
1,19200,ORCHIDS,1082,10,1081,4,1075,49,1090,10,1091,4,1098,49,1086.0,106682.03125
1,19300,STARFRUIT,5052,24,,,,,5059,24,,,,,5055.5,295.703125
1,19300,ORCHIDS,1084,10,1083,2,1077,52,1092,10,1093,2,1100,52,1088.0,106678.734375
1,19300,AMETHYSTS,9998,4,9996,2,9995,22,10004,2,10005,22,,,10001.0,352.0
1,19400,ORCHIDS,1083,7,1082,2,1076,51,1091,7,1092,2,1099,51,1087.0,106678.4375
1,19400,STARFRUIT,5053,23,,,,,5058,6,5060,24,,,5055.5,283.5234375
1,19400,AMETHYSTS,9995,24,,,,,10005,24,,,,,10000.0,352.0
1,19500,ORCHIDS,1083,10,1082,2,1075,47,1091,10,1092,2,1098,47,1087.0,106677.640625
1,19500,AMETHYSTS,9998,8,9996,1,9995,23,10004,1,10005,23,,,10001.0,352.0
1,19500,STARFRUIT,5053,24,,,,,5060,24,,,,,5056.5,281.703125
1,19600,STARFRUIT,5053,28,,,,,5060,28,,,,,5056.5,280.484375
1,19600,AMETHYSTS,9996,2,9995,26,,,10004,2,10005,26,,,10000.0,355.0
1,19600,ORCHIDS,1083,7,1082,4,1076,50,1091,7,1092,4,1099,50,1087.0,106676.34375
1,19700,STARFRUIT,5054,26,,,,,5059,7,5061,27,,,5056.5,267.2734375
1,19700,ORCHIDS,1084,9,1083,2,1077,51,1092,9,1093,2,1100,51,1088.0,106674.046875
1,19700,AMETHYSTS,9996,2,9995,25,,,10004,2,10005,25,,,10000.0,355.0
1,19800,ORCHIDS,1085,5,1084,2,1078,50,1093,5,1094,2,1101,50,1089.0,106671.75
1,19800,STARFRUIT,5054,29,,,,,5061,29,,,,,5057.5,264.8984375
1,19800,AMETHYSTS,9998,6,9995,29,,,10005,29,,,,,10001.5,355.0
1,19900,ORCHIDS,1087,5,1086,4,1080,49,1095,5,1096,4,1103,49,1091.0,106668.453125
1,19900,AMETHYSTS,9996,2,9995,26,,,10004,2,10005,26,,,10000.0,355.0
1,19900,STARFRUIT,5054,2,5053,26,,,5060,2,5061,26,,,5057.0,276.0
1,20000,STARFRUIT,5054,2,5053,21,,,5059,3,5060,2,5061,21,5056.5,276.0078125
1,20000,AMETHYSTS,9996,2,9995,21,,,10004,2,10005,21,,,10000.0,355.0
1,20000,ORCHIDS,1087,6,1086,4,1080,43,1095,6,1096,4,1103,43,1091.0,106667.15625
1,20100,STARFRUIT,5055,3,5054,32,,,5061,32,,,,,5058.0,312.21484375
1,20100,ORCHIDS,1088,9,1087,4,1081,50,1096,9,1097,4,1104,50,1092.0,106664.859375
1,20100,AMETHYSTS,9996,2,9995,30,,,10004,2,10005,30,,,10000.0,355.0
1,20200,ORCHIDS,1093,9,1090,6,1089,4,1098,6,1099,4,1105,42,1095.5,106662.0625
1,20200,STARFRUIT,5054,26,,,,,5061,26,,,,,5057.5,311.591796875
1,20200,AMETHYSTS,9995,26,,,,,10005,26,,,,,10000.0,355.0
1,20300,ORCHIDS,1088,5,1087,4,1080,49,1096,5,1097,4,1103,49,1092.0,106666.265625
1,20300,AMETHYSTS,9996,1,9995,26,,,9998,1,10004,1,10005,26,9997.0,391.0
1,20300,STARFRUIT,5055,26,,,,,5062,27,,,,,5058.5,308.39453125
1,20400,STARFRUIT,5055,27,,,,,5062,27,,,,,5058.5,307.19140625
1,20400,AMETHYSTS,9995,27,,,,,9998,4,10005,27,,,9996.5,393.0
1,20400,ORCHIDS,1089,9,1088,3,1081,55,1097,9,1098,3,1104,55,1093.0,106664.46875
1,20500,STARFRUIT,5055,28,,,,,5062,28,,,,,5058.5,309.91796875
1,20500,ORCHIDS,1088,8,1087,5,1080,56,1090,2,1096,8,1097,5,1089.0,106664.671875
1,20500,AMETHYSTS,9995,28,,,,,10005,28,,,,,10000.0,407.0
1,20600,ORCHIDS,1088,8,1087,3,1080,50,1096,8,1097,3,1103,50,1092.0,106663.875
1,20600,STARFRUIT,5056,1,5055,25,,,5062,26,,,,,5059.0,310.0703125
1,20600,AMETHYSTS,9996,1,9995,25,,,9998,1,10004,1,10005,25,9997.0,407.0
1,20700,ORCHIDS,1088,5,1087,3,1080,38,1096,5,1097,3,1103,38,1092.0,106663.078125
1,20700,AMETHYSTS,9996,1,9995,20,,,9998,1,10002,4,10004,1,9997.0,409.0
1,20700,STARFRUIT,5055,21,,,,,5060,4,5062,21,,,5057.5,311.2578125
1,20800,STARFRUIT,5055,24,,,,,5062,24,,,,,5058.5,311.61328125
1,20800,AMETHYSTS,9996,1,9995,23,,,10004,1,10005,23,,,10000.0,427.0
1,20800,ORCHIDS,1088,7,1087,5,1080,48,1096,7,1097,5,1103,48,1092.0,106662.28125
1,20900,STARFRUIT,5055,21,,,,,5062,21,,,,,5058.5,313.6015625
1,20900,AMETHYSTS,9996,1,9995,20,,,9998,1,10004,1,10005,20,9997.0,427.0
1,20900,ORCHIDS,1088,9,1087,2,1081,48,1096,9,1097,2,1104,48,1092.0,106660.984375
1,21000,ORCHIDS,1088,9,1087,5,1080,43,1096,9,1097,5,1103,43,1092.0,106660.1875
1,21000,STARFRUIT,5055,23,,,,,5061,2,5062,21,,,5058.0,315.75
1,21000,AMETHYSTS,9996,2,9995,21,,,10004,2,10005,21,,,10000.0,429.0
1,21100,AMETHYSTS,10002,2,9996,1,9995,26,10004,1,10005,26,,,10003.0,429.0
1,21100,ORCHIDS,1088,5,1087,2,1080,51,1096,5,1097,2,1103,51,1092.0,106659.390625
1,21100,STARFRUIT,5055,6,5054,26,,,5061,27,,,,,5058.0,317.1796875
1,21200,STARFRUIT,5055,26,,,,,5061,1,5062,25,,,5058.0,315.109375
1,21200,AMETHYSTS,9996,1,9995,25,,,10002,5,10004,1,10005,25,9999.0,433.0
1,21200,ORCHIDS,1086,10,1085,5,1078,53,1094,10,1095,5,1101,53,1090.0,106660.59375
1,21300,STARFRUIT,5060,1,5054,30,,,5062,30,,,,,5061.0,315.91015625
1,21300,AMETHYSTS,9995,30,,,,,10005,30,,,,,10000.0,433.0
1,21300,ORCHIDS,1084,8,1083,2,1077,55,1092,8,1093,2,1100,55,1088.0,106661.296875
1,21400,ORCHIDS,1085,9,1083,2,1077,53,1092,9,1094,2,1100,53,1088.5,106659.5
1,21400,STARFRUIT,5055,26,,,,,5061,2,5062,24,,,5058.0,317.6171875
1,21400,AMETHYSTS,9996,2,9995,24,,,10002,4,10004,2,10005,24,9999.0,433.0
1,21500,AMETHYSTS,9995,29,,,,,9998,1,10005,29,,,9996.5,433.0
1,21500,ORCHIDS,1083,9,1082,2,1076,58,1091,9,1092,2,1099,58,1087.0,106660.203125
1,21500,STARFRUIT,5055,29,,,,,5062,29,,,,,5058.5,311.48828125
1,21600,STARFRUIT,5056,1,5055,27,,,5062,28,,,,,5059.0,311.5546875
1,21600,AMETHYSTS,9996,1,9995,27,,,10004,1,10005,27,,,10000.0,435.0
1,21600,ORCHIDS,1082,10,1081,4,1075,51,1090,10,1091,4,1098,51,1086.0,106659.90625
1,21700,STARFRUIT,5056,27,,,,,5061,2,5063,27,,,5058.5,309.33984375
1,21700,AMETHYSTS,9995,27,,,,,10005,27,,,,,10000.0,435.0
1,21700,ORCHIDS,1082,9,1081,3,1075,54,1090,9,1091,3,1098,54,1086.0,106658.609375
1,21800,ORCHIDS,1083,7,1081,5,1075,46,1090,7,1092,5,1098,46,1086.5,106656.8125
1,21800,STARFRUIT,5061,10,5057,8,5056,25,5062,2,5063,23,,,5061.5,308.87890625
1,21800,AMETHYSTS,9996,2,9995,23,,,10004,2,10005,23,,,10000.0,435.0
1,21900,AMETHYSTS,9996,1,9995,29,,,10004,1,10005,29,,,10000.0,435.0
1,21900,ORCHIDS,1083,6,1081,2,1075,52,1090,6,1092,2,1098,52,1086.5,106656.015625
1,21900,STARFRUIT,5057,1,5056,29,,,5063,30,,,,,5060.0,314.6015625
1,22000,STARFRUIT,5057,2,5056,27,,,5058,3,5063,29,,,5057.5,315.0703125
1,22000,AMETHYSTS,9996,2,9995,27,,,10004,2,10005,27,,,10000.0,435.0
1,22000,ORCHIDS,1083,6,1081,2,1075,46,1090,6,1092,2,1098,46,1086.5,106655.21875
1,22100,STARFRUIT,5056,30,,,,,5063,30,,,,,5059.5,324.9375
1,22100,AMETHYSTS,9996,1,9995,29,,,10004,1,10005,29,,,10000.0,435.0
1,22100,ORCHIDS,1083,10,1081,5,1075,53,1090,10,1092,5,1098,53,1086.5,106654.421875
1,22200,ORCHIDS,1082,5,1081,2,1074,44,1090,5,1091,2,1097,44,1086.0,106654.625
1,22200,STARFRUIT,5057,1,5056,28,,,5061,8,5063,29,,,5059.0,319.8203125
1,22200,AMETHYSTS,9996,1,9995,28,,,10004,1,10005,28,,,10000.0,435.0
1,22300,AMETHYSTS,9995,28,,,,,10005,28,,,,,10000.0,435.0
1,22300,ORCHIDS,1082,9,1081,5,1074,47,1090,9,1091,5,1097,47,1086.0,106653.828125
1,22300,STARFRUIT,5057,28,,,,,5064,28,,,,,5060.5,353.30078125
1,22400,STARFRUIT,5057,26,,,,,5064,26,,,,,5060.5,353.134765625
1,22400,AMETHYSTS,9995,26,,,,,10005,26,,,,,10000.0,435.0
1,22400,ORCHIDS,1082,6,1081,3,1074,45,1090,6,1091,3,1097,45,1086.0,106653.03125
1,22500,STARFRUIT,5057,27,,,,,5064,27,,,,,5060.5,352.71484375
1,22500,AMETHYSTS,9995,27,,,,,10005,27,,,,,10000.0,435.0
1,22500,ORCHIDS,1082,7,1081,4,1074,46,1090,7,1091,4,1098,46,1086.0,106651.734375
1,22600,ORCHIDS,1083,8,1082,5,1075,51,1091,8,1092,5,1098,51,1087.0,106649.9375
1,22600,STARFRUIT,5062,5,5057,28,,,5064,28,,,,,5063.0,351.859375
1,22600,AMETHYSTS,9995,28,,,,,10005,28,,,,,10000.0,435.0
1,22700,AMETHYSTS,9995,30,,,,,10005,30,,,,,10000.0,435.0
1,22700,ORCHIDS,1083,10,1082,2,1075,55,1091,10,1092,2,1098,55,1087.0,106649.140625
1,22700,STARFRUIT,5057,30,,,,,5064,30,,,,,5060.5,357.3671875
1,22800,STARFRUIT,5058,27,,,,,5065,27,,,,,5061.5,352.7578125
1,22800,AMETHYSTS,9996,2,9995,25,,,10004,2,10005,25,,,10000.0,435.0
1,22800,ORCHIDS,1083,7,1082,5,1075,49,1091,7,1092,5,1098,49,1087.0,106648.34375
1,22900,STARFRUIT,5058,2,5057,26,,,5064,28,,,,,5061.0,356.7421875
1,22900,AMETHYSTS,9996,2,9995,26,,,10004,2,10005,26,,,10000.0,435.0
1,22900,ORCHIDS,1085,6,1084,3,1077,46,1093,6,1094,3,1100,46,1089.0,106645.546875
1,23000,ORCHIDS,1082,10,1081,2,1074,48,1090,10,1091,2,1097,48,1086.0,106647.75
1,23000,STARFRUIT,5059,2,5058,23,,,5065,23,,,,,5062.0,351.96484375
1,23000,AMETHYSTS,9996,1,9995,22,,,10004,1,10005,22,,,10000.0,435.0
1,23100,ORCHIDS,1081,6,1080,4,1073,53,1089,6,1090,4,1096,53,1085.0,106647.953125
1,23100,STARFRUIT,5058,29,,,,,5063,4,5065,29,,,5060.5,374.08544921875
1,23100,AMETHYSTS,9995,29,,,,,10005,29,,,,,10000.0,435.0
1,23200,STARFRUIT,5058,29,,,,,5063,8,5065,29,,,5060.5,374.35791015625
1,23200,AMETHYSTS,9996,2,9995,27,,,10004,2,10005,27,,,10000.0,435.0
1,23200,ORCHIDS,1080,6,1079,5,1073,53,1088,6,1089,5,1096,53,1084.0,106647.65625
1,23300,STARFRUIT,5059,2,5058,26,,,5065,28,,,,,5062.0,374.89111328125
1,23300,AMETHYSTS,9996,2,9995,26,,,10004,2,10005,26,,,10000.0,435.0
1,23300,ORCHIDS,1081,8,1080,2,1073,48,1089,8,1090,2,1096,48,1085.0,106645.859375
1,23400,AMETHYSTS,9996,2,9995,28,,,10004,2,10005,28,,,10000.0,435.0
1,23400,ORCHIDS,1082,7,1081,4,1074,48,1090,7,1091,4,1097,48,1086.0,106644.0625
1,23400,STARFRUIT,5060,3,5059,2,5058,28,5065,2,5066,28,,,5062.5,375.02783203125
1,23500,ORCHIDS,1081,9,1080,2,1073,51,1089,9,1090,2,1096,51,1085.0,106644.265625
1,23500,STARFRUIT,5059,29,,,,,5066,29,,,,,5062.5,375.59716796875
1,23500,AMETHYSTS,9998,9,9996,1,9995,28,10004,1,10005,28,,,10001.0,435.0
1,23600,STARFRUIT,5059,22,,,,,5064,7,5066,22,,,5061.5,375.43310546875
1,23600,ORCHIDS,1082,8,1081,2,1075,48,1089,8,1090,2,1096,48,1085.5,106642.46875
1,23600,AMETHYSTS,9996,1,9995,21,,,10002,1,10004,1,10005,21,9999.0,435.0
1,23700,STARFRUIT,5059,32,,,,,5065,2,5066,30,,,5062.0,375.20751953125
1,23700,AMETHYSTS,9996,2,9995,30,,,10004,2,10005,30,,,10000.0,435.0
1,23700,ORCHIDS,1083,6,1082,5,1076,48,1090,6,1091,5,1097,48,1086.5,106640.671875
1,23800,ORCHIDS,1084,7,1083,2,1077,50,1091,7,1092,2,1098,50,1087.5,106638.875
1,23800,AMETHYSTS,10002,1,9996,1,9995,27,10004,1,10005,27,,,10003.0,435.0
1,23800,STARFRUIT,5059,28,,,,,5065,1,5066,27,,,5062.0,375.16650390625
1,23900,ORCHIDS,1085,6,1084,2,1078,50,1092,6,1093,2,1099,50,1088.5,106637.078125
1,23900,STARFRUIT,5059,31,,,,,5066,31,,,,,5062.5,375.3369140625
1,23900,AMETHYSTS,9996,2,9995,29,,,10004,2,10005,29,,,10000.0,437.0
1,24000,STARFRUIT,5062,2,5059,24,,,5064,4,5066,24,,,5063.0,375.361328125
1,24000,ORCHIDS,1084,10,1083,5,1077,47,1091,10,1092,5,1098,47,1087.5,106637.28125
1,24000,AMETHYSTS,10000,2,9996,1,9995,23,10004,1,10005,23,,,10002.0,437.0
1,24100,STARFRUIT,5059,23,,,,,5066,23,,,,,5062.5,374.8515625
1,24100,AMETHYSTS,9995,23,,,,,10005,23,,,,,10000.0,440.0
1,24100,ORCHIDS,1085,8,1084,5,1078,50,1092,8,1093,5,1099,50,1088.5,106635.484375
1,24200,ORCHIDS,1083,6,1082,4,1076,50,1090,6,1091,4,1097,50,1086.5,106637.1875
1,24200,AMETHYSTS,9998,9,9996,2,9995,30,10004,2,10005,30,,,10001.0,440.0
1,24200,STARFRUIT,5060,2,5059,32,,,5065,2,5066,30,,,5062.5,374.806640625
1,24300,ORCHIDS,1087,6,1084,8,1083,5,1091,8,1092,5,1098,49,1089.0,106635.890625
1,24300,STARFRUIT,5059,32,,,,,5066,32,,,,,5062.5,374.37646484375
1,24300,AMETHYSTS,9996,2,9995,30,,,10004,2,10005,30,,,10000.0,440.0
1,24400,STARFRUIT,5059,22,,,,,5060,1,5066,22,,,5059.5,374.34814453125
1,24400,ORCHIDS,1085,9,1084,3,1078,43,1092,9,1093,3,1099,43,1088.5,106637.09375
1,24400,AMETHYSTS,9998,6,9996,2,9995,20,10004,2,10005,20,,,10001.0,440.0
1,24500,STARFRUIT,5058,24,,,,,5063,2,5065,24,,,5060.5,377.0
1,24500,AMETHYSTS,9995,24,,,,,10002,5,10005,24,,,9998.5,440.0
1,24500,ORCHIDS,1086,10,1085,3,1079,54,1093,10,1094,3,1100,54,1089.5,106635.796875
1,24600,ORCHIDS,1086,5,1085,2,1079,44,1090,5,1093,5,1094,2,1088.0,106635.5
1,24600,AMETHYSTS,9996,2,9995,23,,,10002,4,10004,2,10005,23,9999.0,440.0
1,24600,STARFRUIT,5058,25,,,,,5065,25,,,,,5061.5,377.0
1,24700,ORCHIDS,1083,10,1082,3,1076,47,1090,10,1091,3,1097,47,1086.5,106637.703125
1,24700,STARFRUIT,5058,22,,,,,5065,22,,,,,5061.5,377.0
1,24700,AMETHYSTS,9998,10,9995,22,,,10005,22,,,,,10001.5,440.0
1,24800,STARFRUIT,5059,1,5058,20,,,5065,21,,,,,5062.0,377.0
1,24800,ORCHIDS,1085,7,1084,3,1078,42,1092,7,1093,3,1099,42,1088.5,106634.90625
1,24800,AMETHYSTS,9996,1,9995,20,,,10004,1,10005,20,,,10000.0,440.0
1,24900,STARFRUIT,5060,6,5059,30,,,5065,2,5066,28,,,5062.5,377.0
1,24900,AMETHYSTS,9996,2,9995,28,,,10004,2,10005,28,,,10000.0,440.0
1,24900,ORCHIDS,1088,5,1085,8,1084,2,1092,8,1093,2,1099,55,1090.0,106634.109375
1,25000,ORCHIDS,1084,8,1083,3,1077,47,1091,8,1092,3,1098,47,1087.5,106637.3125
1,25000,AMETHYSTS,9998,2,9996,2,9995,25,10004,2,10005,25,,,10001.0,440.0
1,25000,STARFRUIT,5059,2,5058,25,,,5063,2,5065,27,,,5061.0,377.0
1,25100,ORCHIDS,1085,8,1084,3,1078,48,1092,8,1093,3,1099,48,1088.5,106635.515625
1,25100,STARFRUIT,5058,31,,,,,5065,31,,,,,5061.5,377.0
1,25100,AMETHYSTS,9996,1,9995,30,,,10004,1,10005,30,,,10000.0,440.0
1,25200,ORCHIDS,1085,5,1084,4,1078,47,1092,5,1093,4,1099,47,1088.5,106635.21875
1,25200,AMETHYSTS,9996,2,9995,24,,,10002,5,10004,2,10005,24,9999.0,440.0
1,25200,STARFRUIT,5059,26,,,,,5066,26,,,,,5062.5,377.0
1,25300,AMETHYSTS,9995,28,,,,,9998,1,10005,28,,,9996.5,440.0
1,25300,STARFRUIT,5058,28,,,,,5063,5,5065,28,,,5060.5,377.0
1,25300,ORCHIDS,1084,5,1083,5,1077,49,1092,5,1093,5,1099,49,1088.0,106634.921875
1,25400,AMETHYSTS,9996,2,9995,28,,,10004,2,10005,28,,,10000.0,442.0
1,25400,ORCHIDS,1083,7,1082,4,1076,55,1090,7,1091,4,1097,55,1086.5,106635.125
1,25400,STARFRUIT,5060,7,5059,30,,,5066,30,,,,,5063.0,377.0
1,25500,STARFRUIT,5059,6,5058,22,,,5065,1,5066,22,,,5062.0,377.0
1,25500,ORCHIDS,1080,6,1079,2,1073,44,1087,6,1088,2,1094,44,1083.5,106637.328125
1,25500,AMETHYSTS,9998,1,9996,1,9995,22,10004,1,10005,22,,,10001.0,442.0
1,25600,AMETHYSTS,9996,1,9995,24,,,10002,1,10004,1,10005,24,9999.0,442.0
1,25600,ORCHIDS,1080,6,1079,2,1073,40,1087,6,1088,2,1094,40,1083.5,106636.53125
1,25600,STARFRUIT,5059,25,,,,,5066,25,,,,,5062.5,377.0
1,25700,AMETHYSTS,9996,1,9995,21,,,10004,1,10005,21,,,10000.0,442.0
1,25700,STARFRUIT,5059,1,5058,21,,,5065,22,,,,,5062.0,377.0
1,25700,ORCHIDS,1080,9,1079,5,1073,49,1087,9,1088,5,1094,49,1083.5,106635.734375
1,25800,AMETHYSTS,9998,1,9995,20,,,10005,20,,,,,10001.5,442.0
1,25800,ORCHIDS,1078,6,1077,2,1071,38,1085,6,1086,2,1092,38,1081.5,106636.9375
1,25800,STARFRUIT,5059,20,,,,,5066,20,,,,,5062.5,377.0
1,25900,STARFRUIT,5059,30,,,,,5066,30,,,,,5062.5,377.0
1,25900,ORCHIDS,1080,7,1079,4,1073,51,1087,7,1088,4,1094,51,1083.5,106634.640625
1,25900,AMETHYSTS,10002,2,9995,30,,,10005,30,,,,,10003.5,442.0
1,26000,AMETHYSTS,9996,1,9995,21,,,9998,1,10004,1,10005,21,9997.0,446.0
1,26000,ORCHIDS,1081,6,1080,3,1074,43,1088,6,1089,3,1095,43,1084.5,106632.84375
1,26000,STARFRUIT,5060,1,5059,21,,,5064,6,5066,22,,,5062.0,377.0
1,26100,AMETHYSTS,9996,1,9995,28,,,10004,1,10005,28,,,10000.0,463.0
1,26100,STARFRUIT,5060,28,,,,,5065,5,5066,1,5067,28,5062.5,377.0
1,26100,ORCHIDS,1082,8,1081,5,1075,54,1089,8,1090,5,1096,54,1085.5,106631.046875
1,26200,AMETHYSTS,9998,2,9996,2,9995,30,10004,2,10005,30,,,10001.0,463.0
1,26200,ORCHIDS,1082,7,1081,5,1075,52,1089,7,1090,5,1096,52,1085.5,106630.25
1,26200,STARFRUIT,5064,9,5059,32,,,5066,32,,,,,5065.0,388.85546875
1,26300,STARFRUIT,5060,1,5059,22,,,5066,23,,,,,5063.0,402.1123046875
1,26300,ORCHIDS,1082,5,1081,4,1075,37,1089,5,1090,4,1096,37,1085.5,106629.453125
1,26300,AMETHYSTS,9996,1,9995,22,,,10002,8,10004,1,10005,22,9999.0,463.0
1,26400,AMETHYSTS,9996,1,9995,23,,,10004,1,10005,23,,,10000.0,463.0
1,26400,ORCHIDS,1083,7,1082,4,1076,47,1090,7,1091,4,1097,47,1086.5,106628.15625
1,26400,STARFRUIT,5059,24,,,,,5066,24,,,,,5062.5,402.43994140625
1,26500,AMETHYSTS,9996,2,9995,27,,,10002,3,10004,2,10005,27,9999.0,463.0
1,26500,STARFRUIT,5059,29,,,,,5064,7,5065,2,5066,27,5061.5,402.81103515625
1,26500,ORCHIDS,1082,10,1081,4,1075,57,1089,10,1090,4,1096,57,1085.5,106628.359375
1,26600,AMETHYSTS,9996,1,9995,27,,,10004,1,10005,27,,,10000.0,463.0
1,26600,ORCHIDS,1082,10,1081,2,1075,53,1089,10,1090,2,1096,53,1085.5,106627.5625
1,26600,STARFRUIT,5059,2,5058,28,,,5065,28,,,,,5062.0,403.5380859375
1,26700,STARFRUIT,5058,24,,,,,5060,4,5066,24,,,5059.0,402.99462890625
1,26700,ORCHIDS,1081,9,1080,5,1074,47,1088,9,1089,5,1095,47,1084.5,106628.265625
1,26700,AMETHYSTS,9995,24,,,,,10005,24,,,,,10000.0,463.0
1,26800,AMETHYSTS,9996,2,9995,24,,,10004,2,10005,24,,,10000.0,463.0
1,26800,ORCHIDS,1079,5,1078,4,1072,48,1086,5,1087,4,1093,48,1082.5,106629.96875
1,26800,STARFRUIT,5064,1,5059,26,,,5065,2,5066,24,,,5064.5,411.376953125
1,26900,AMETHYSTS,9995,30,,,,,9998,1,10005,30,,,9996.5,463.0
1,26900,STARFRUIT,5058,30,,,,,5063,1,5065,30,,,5060.5,412.73828125
1,26900,ORCHIDS,1078,8,1077,2,1071,50,1085,8,1086,2,1092,50,1081.5,106630.171875
1,27000,AMETHYSTS,9996,1,9995,26,,,10004,1,10005,26,,,10000.0,465.0
1,27000,ORCHIDS,1078,10,1077,4,1071,47,1085,10,1086,4,1092,47,1081.5,106629.375
1,27000,STARFRUIT,5059,27,,,,,5064,6,5066,27,,,5061.5,413.615234375
1,27100,STARFRUIT,5059,22,,,,,5064,5,5066,22,,,5061.5,414.0166015625
1,27100,ORCHIDS,1078,9,1077,3,1071,49,1085,9,1086,3,1092,49,1081.5,106629.078125
1,27100,AMETHYSTS,9996,1,9995,21,,,10004,1,10005,21,,,10000.0,465.0
1,27200,AMETHYSTS,9996,2,9995,22,,,10002,5,10004,2,10005,22,9999.0,465.0
1,27200,ORCHIDS,1079,10,1078,5,1072,46,1086,10,1087,5,1093,46,1082.5,106627.78125
1,27200,STARFRUIT,5059,3,5058,24,,,5065,24,,,,,5062.0,411.873046875
1,27300,AMETHYSTS,9995,26,,,,,10005,26,,,,,10000.0,465.0
1,27300,STARFRUIT,5062,3,5057,26,,,5064,26,,,,,5063.0,410.396484375
1,27300,ORCHIDS,1080,10,1079,3,1073,53,1087,10,1088,3,1094,53,1083.5,106625.984375
1,27400,AMETHYSTS,9995,27,,,,,10005,27,,,,,10000.0,465.0
1,27400,ORCHIDS,1079,7,1078,5,1072,45,1086,7,1087,5,1093,45,1082.5,106626.1875
1,27400,STARFRUIT,5058,27,,,,,5065,27,,,,,5061.5,413.80322265625
1,27500,STARFRUIT,5058,26,,,,,5063,7,5065,26,,,5060.5,416.84765625
1,27500,ORCHIDS,1079,10,1078,2,1072,46,1086,10,1087,2,1093,46,1082.5,106625.890625
1,27500,AMETHYSTS,9995,26,,,,,10005,26,,,,,10000.0,468.0
1,27600,ORCHIDS,1079,7,1078,2,1072,47,1086,7,1087,2,1093,47,1082.5,106625.09375
1,27600,STARFRUIT,5057,25,,,,,5064,25,,,,,5060.5,417.2626953125
1,27600,AMETHYSTS,9995,25,,,,,10005,25,,,,,10000.0,468.0
1,27700,AMETHYSTS,9996,2,9995,22,,,10004,2,10005,22,,,10000.0,468.0
1,27700,STARFRUIT,5057,24,,,,,5064,24,,,,,5060.5,418.3876953125
1,27700,ORCHIDS,1079,5,1078,3,1072,47,1086,5,1087,3,1093,47,1082.5,106624.296875
1,27800,ORCHIDS,1078,10,1077,3,1071,51,1085,10,1086,3,1092,51,1081.5,106625.0
1,27800,STARFRUIT,5056,22,,,,,5063,22,,,,,5059.5,419.853515625
1,27800,AMETHYSTS,10002,1,9995,22,,,10005,22,,,,,10003.5,468.0
1,27900,STARFRUIT,5056,22,,,,,5063,22,,,,,5059.5,420.658203125
1,27900,ORCHIDS,1078,10,1077,4,1071,50,1085,10,1086,4,1092,50,1081.5,106624.703125
1,27900,AMETHYSTS,9995,22,,,,,10005,22,,,,,10000.0,470.0
1,28000,ORCHIDS,1079,10,1078,5,1072,54,1086,10,1087,5,1093,54,1082.5,106623.40625
1,28000,STARFRUIT,5056,2,5055,26,,,5058,4,5061,5,5062,2,5057.0,451.1015625
1,28000,AMETHYSTS,9998,8,9996,2,9995,26,10000,4,10004,2,10005,26,9999.0,491.0
1,28100,ORCHIDS,1079,8,1078,5,1072,42,1086,8,1087,5,1093,42,1082.5,106623.109375
1,28100,AMETHYSTS,9996,1,9995,22,,,10004,1,10005,22,,,10000.0,491.0
1,28100,STARFRUIT,5056,23,,,,,5062,1,5063,22,,,5059.0,453.73046875
1,28200,STARFRUIT,5062,1,5056,24,,,5063,24,,,,,5062.5,450.5625
1,28200,AMETHYSTS,9996,1,9995,23,,,9998,1,10004,1,10005,23,9997.0,491.0
1,28200,ORCHIDS,1079,5,1078,2,1072,45,1086,5,1087,2,1093,45,1082.5,106622.3125
1,28300,STARFRUIT,5056,21,,,,,5061,1,5063,21,,,5058.5,453.078125
1,28300,ORCHIDS,1078,6,1077,2,1071,42,1085,6,1086,2,1092,42,1081.5,106622.515625
1,28300,AMETHYSTS,9998,3,9995,21,,,10005,21,,,,,10001.5,493.0
1,28400,ORCHIDS,1079,5,1078,5,1072,40,1086,5,1087,5,1093,40,1082.5,106620.71875
1,28400,STARFRUIT,5056,22,,,,,5061,6,5063,22,,,5058.5,453.953125
1,28400,AMETHYSTS,10002,4,9996,1,9995,21,10004,1,10005,21,,,10003.0,493.0
1,28500,ORCHIDS,1080,7,1079,2,1073,46,1087,7,1088,2,1094,46,1083.5,106618.921875
1,28500,AMETHYSTS,10002,7,9996,1,9995,26,10004,1,10005,26,,,10003.0,501.0
1,28500,STARFRUIT,5056,1,5055,26,,,5062,27,,,,,5059.0,459.0859375
1,28600,STARFRUIT,5055,28,,,,,5056,6,5062,28,,,5055.5,462.578125
1,28600,AMETHYSTS,9995,28,,,,,10002,7,10005,28,,,9998.5,515.0
1,28600,ORCHIDS,1083,10,1082,3,1076,52,1090,10,1091,3,1097,52,1086.5,106615.125
1,28700,STARFRUIT,5055,28,,,,,5062,28,,,,,5058.5,476.732421875
1,28700,ORCHIDS,1084,8,1083,2,1077,49,1091,8,1092,2,1098,49,1087.5,106613.828125
1,28700,AMETHYSTS,9996,1,9995,27,,,10004,1,10005,27,,,10000.0,515.0
1,28800,ORCHIDS,1085,10,1084,5,1078,58,1092,10,1093,5,1099,58,1088.5,106612.53125
1,28800,STARFRUIT,5055,30,,,,,5062,30,,,,,5058.5,476.638671875
1,28800,AMETHYSTS,9995,30,,,,,10005,30,,,,,10000.0,515.0
1,28900,ORCHIDS,1086,10,1085,5,1079,45,1093,10,1094,5,1100,45,1089.5,106611.234375
1,28900,AMETHYSTS,9996,1,9995,23,,,10004,1,10005,23,,,10000.0,515.0
1,28900,STARFRUIT,5055,24,,,,,5062,24,,,,,5058.5,477.083984375
1,29000,STARFRUIT,5055,25,,,,,5063,25,,,,,5059.0,475.9150390625
1,29000,AMETHYSTS,9995,25,,,,,10005,25,,,,,10000.0,545.0
1,29000,ORCHIDS,1087,8,1086,2,1080,47,1094,8,1095,2,1101,47,1090.5,106609.4375
1,29100,STARFRUIT,5061,1,5056,5,5055,30,5062,30,,,,,5061.5,477.4326171875
1,29100,ORCHIDS,1092,3,1087,8,1086,2,1094,8,1095,2,1101,49,1093.0,106608.640625
1,29100,AMETHYSTS,10002,1,9995,30,,,10005,30,,,,,10003.5,545.0
1,29200,ORCHIDS,1086,8,1085,5,1079,45,1093,8,1094,5,1100,45,1089.5,106613.84375
1,29200,STARFRUIT,5056,20,,,,,5061,4,5063,20,,,5058.5,477.79296875
1,29200,AMETHYSTS,9995,20,,,,,10002,1,10005,20,,,9998.5,555.0
1,29300,ORCHIDS,1086,10,1085,2,1079,43,1094,10,1095,2,1101,43,1090.0,106612.546875
1,29300,AMETHYSTS,9998,3,9996,2,9995,21,10004,2,10005,21,,,10001.0,555.0
1,29300,STARFRUIT,5057,23,,,,,5063,2,5064,21,,,5060.0,473.603515625
1,29400,STARFRUIT,5062,1,5057,1,5056,24,5063,25,,,,,5062.5,474.69921875
1,29400,AMETHYSTS,9996,1,9995,24,,,10002,8,10004,1,10005,24,9999.0,555.0
1,29400,ORCHIDS,1086,8,1085,4,1079,44,1093,8,1094,4,1100,44,1089.5,106612.25
1,29500,STARFRUIT,5056,23,,,,,5063,23,,,,,5059.5,478.72265625
1,29500,ORCHIDS,1085,6,1084,4,1078,40,1092,6,1093,4,1099,40,1088.5,106612.953125
1,29500,AMETHYSTS,9995,23,,,,,10005,23,,,,,10000.0,555.0
1,29600,ORCHIDS,1086,9,1085,2,1079,52,1093,9,1094,2,1100,52,1089.5,106611.65625
1,29600,STARFRUIT,5055,27,,,,,5062,27,,,,,5058.5,483.29296875
1,29600,AMETHYSTS,9995,27,,,,,10005,27,,,,,10000.0,555.0
1,29700,ORCHIDS,1087,10,1086,3,1080,52,1094,10,1095,3,1101,52,1090.5,106610.359375
1,29700,AMETHYSTS,9998,1,9996,2,9995,29,10004,2,10005,29,,,10001.0,555.0
1,29700,STARFRUIT,5060,1,5055,31,,,5062,31,,,,,5061.0,484.396484375
1,29800,STARFRUIT,5056,5,5055,24,,,5062,24,,,,,5059.0,483.3984375
1,29800,AMETHYSTS,9996,1,9995,23,,,10004,1,10005,23,,,10000.0,555.0
1,29800,ORCHIDS,1088,9,1087,4,1081,43,1095,9,1096,4,1102,43,1091.5,106608.5625
1,29900,STARFRUIT,5058,1,5056,3,5055,25,5062,25,,,,,5060.0,490.3515625
1,29900,AMETHYSTS,10000,2,9998,8,9995,25,10005,25,,,,,10002.5,555.0
1,29900,ORCHIDS,1088,8,1087,5,1081,51,1095,8,1096,5,1102,51,1091.5,106607.765625
1,30000,ORCHIDS,1088,7,1087,2,1081,45,1095,7,1096,2,1102,45,1091.5,106606.96875
1,30000,STARFRUIT,5059,2,5056,26,,,5061,2,5063,26,,,5060.0,487.109375
1,30000,AMETHYSTS,10000,2,9995,26,,,10005,26,,,,,10002.5,555.0
1,30100,AMETHYSTS,9995,28,,,,,10002,10,10005,28,,,9998.5,555.0
1,30100,ORCHIDS,1087,7,1086,2,1080,51,1094,7,1095,2,1101,51,1090.5,106607.171875
1,30100,STARFRUIT,5056,28,,,,,5057,3,5063,28,,,5056.5,486.09375
1,30200,STARFRUIT,5057,2,5056,24,,,5063,2,5064,24,,,5060.0,492.087890625
1,30200,AMETHYSTS,9998,3,9996,2,9995,24,10004,2,10005,24,,,10001.0,558.0
1,30200,ORCHIDS,1087,9,1086,3,1080,50,1094,9,1095,3,1101,50,1090.5,106606.375
1,30300,STARFRUIT,5057,23,,,,,5062,5,5064,23,,,5059.5,490.24609375
1,30300,AMETHYSTS,10002,1,9998,10,9995,23,10005,23,,,,,10003.5,558.0
1,30300,ORCHIDS,1087,6,1086,3,1080,39,1094,6,1095,3,1101,39,1090.5,106605.578125
1,30400,ORCHIDS,1087,8,1086,2,1080,44,1094,8,1095,2,1101,44,1090.5,106604.78125
1,30400,STARFRUIT,5057,26,,,,,5064,26,,,,,5060.5,489.673828125
1,30400,AMETHYSTS,9996,2,9995,24,,,10004,2,10005,24,,,10000.0,560.0
1,30500,AMETHYSTS,9996,1,9995,20,,,10004,1,10005,20,,,10000.0,560.0
1,30500,ORCHIDS,1087,6,1086,3,1080,40,1095,6,1096,3,1102,40,1091.0,106603.484375
1,30500,STARFRUIT,5057,21,,,,,5064,21,,,,,5060.5,488.4921875
1,30600,STARFRUIT,5060,3,5057,26,,,5064,26,,,,,5062.0,488.0078125
1,30600,AMETHYSTS,10000,3,9998,8,9996,1,10004,1,10005,25,,,10002.0,560.0
1,30600,ORCHIDS,1089,7,1088,2,1082,51,1096,7,1097,2,1103,51,1092.5,106600.6875
1,30700,STARFRUIT,5057,24,,,,,5064,24,,,,,5060.5,488.86328125
1,30700,AMETHYSTS,9995,24,,,,,10005,24,,,,,10000.0,560.0
1,30700,ORCHIDS,1089,6,1088,2,1082,42,1097,6,1098,2,1104,42,1093.0,106599.390625
1,30800,ORCHIDS,1089,5,1088,2,1082,49,1097,5,1098,2,1104,49,1093.0,106598.09375
1,30800,STARFRUIT,5057,31,,,,,5064,31,,,,,5060.5,490.4375
1,30800,AMETHYSTS,10002,11,9996,2,9995,29,10004,2,10005,29,,,10003.0,560.0
1,30900,AMETHYSTS,10002,1,9998,9,9996,1,10004,1,10005,24,,,10003.0,582.0
1,30900,ORCHIDS,1091,7,1090,3,1084,41,1098,7,1099,3,1105,41,1094.5,106595.296875
1,30900,STARFRUIT,5063,1,5058,3,5057,25,5064,25,,,,,5063.5,488.255859375
1,31000,STARFRUIT,5064,1,5058,31,,,5065,31,,,,,5064.5,484.1953125
1,31000,AMETHYSTS,9996,1,9995,30,,,10004,1,10005,30,,,10000.0,584.0
1,31000,ORCHIDS,1091,10,1090,2,1084,51,1098,10,1099,2,1105,51,1094.5,106595.0
1,31100,STARFRUIT,5058,28,,,,,5065,28,,,,,5061.5,486.14453125
1,31100,AMETHYSTS,9996,2,9995,26,,,10002,7,10004,2,10005,26,9999.0,584.0
1,31100,ORCHIDS,1090,6,1089,5,1083,48,1097,6,1098,5,1104,48,1093.5,106595.203125
1,31200,ORCHIDS,1089,9,1088,4,1082,46,1093,7,1096,9,1097,4,1091.0,106595.90625
1,31200,STARFRUIT,5058,26,,,,,5065,26,,,,,5061.5,485.8359375
1,31200,AMETHYSTS,9995,26,,,,,10002,4,10005,26,,,9998.5,584.0
1,31300,AMETHYSTS,9995,26,,,,,10005,26,,,,,10000.0,584.0
1,31300,ORCHIDS,1088,8,1087,2,1081,47,1095,8,1096,2,1102,47,1091.5,106596.109375
1,31300,STARFRUIT,5064,1,5058,26,,,5066,26,,,,,5065.0,482.8671875
1,31400,STARFRUIT,5059,1,5058,23,,,5065,24,,,,,5062.0,485.87890625
1,31400,AMETHYSTS,9996,1,9995,23,,,10002,6,10004,1,10005,23,9999.0,584.0
1,31400,ORCHIDS,1087,6,1086,5,1080,45,1094,6,1095,5,1101,45,1090.5,106596.8125
1,31500,STARFRUIT,5059,27,,,,,5065,1,5066,26,,,5062.0,484.23046875
1,31500,AMETHYSTS,9996,1,9995,26,,,10004,1,10005,26,,,10000.0,584.0
1,31500,ORCHIDS,1087,6,1086,2,1080,44,1094,6,1095,2,1101,44,1090.5,106596.515625
1,31600,ORCHIDS,1087,6,1086,4,1080,36,1094,6,1095,4,1101,36,1090.5,106595.71875
1,31600,STARFRUIT,5060,4,5059,20,,,5066,20,,,,,5063.0,480.5703125
1,31600,AMETHYSTS,9995,20,,,,,10005,20,,,,,10000.0,584.0
1,31700,AMETHYSTS,9995,20,,,,,10005,20,,,,,10000.0,584.0
1,31700,ORCHIDS,1088,10,1087,2,1081,47,1095,10,1096,2,1102,47,1091.5,106594.421875
1,31700,STARFRUIT,5059,20,,,,,5064,2,5066,20,,,5061.5,483.55859375
1,31800,STARFRUIT,5059,30,,,,,5066,30,,,,,5062.5,479.1640625
1,31800,AMETHYSTS,9996,1,9995,29,,,10004,1,10005,29,,,10000.0,584.0
1,31800,ORCHIDS,1086,7,1085,4,1079,52,1093,7,1094,4,1100,52,1089.5,106596.125
1,31900,STARFRUIT,5060,6,5059,27,,,5066,27,,,,,5063.0,481.69921875
1,31900,AMETHYSTS,9995,27,,,,,10005,27,,,,,10000.0,584.0
1,31900,ORCHIDS,1087,9,1086,3,1080,56,1094,9,1095,3,1101,56,1090.5,106594.328125
1,32000,AMETHYSTS,9996,2,9995,27,,,10004,2,10005,27,,,10000.0,584.0
1,32000,ORCHIDS,1086,8,1085,4,1079,53,1093,8,1094,4,1100,53,1089.5,106594.53125
1,32000,STARFRUIT,5059,29,,,,,5061,4,5066,29,,,5060.0,479.01171875
1,32100,ORCHIDS,1085,8,1084,4,1078,43,1092,8,1093,4,1099,43,1088.5,106594.734375
1,32100,STARFRUIT,5059,20,,,,,5066,20,,,,,5062.5,487.25390625
1,32100,AMETHYSTS,9995,20,,,,,10005,20,,,,,10000.0,584.0
1,32200,STARFRUIT,5059,22,,,,,5062,4,5064,2,5066,22,5060.5,486.15234375
1,32200,AMETHYSTS,9996,2,9995,20,,,10000,4,10002,7,10004,2,9998.0,584.0
1,32200,ORCHIDS,1084,8,1083,5,1077,45,1091,8,1092,5,1098,45,1087.5,106595.4375
1,32300,STARFRUIT,5059,29,,,,,5064,5,5066,29,,,5061.5,488.671875
1,32300,AMETHYSTS,10002,1,9998,3,9996,2,10004,2,10005,27,,,10003.0,584.0
1,32300,ORCHIDS,1085,5,1084,4,1078,51,1092,5,1093,4,1099,51,1088.5,106594.140625
1,32400,ORCHIDS,1084,5,1083,5,1077,50,1091,5,1092,5,1098,50,1087.5,106594.34375
1,32400,AMETHYSTS,9996,1,9995,28,,,10004,1,10005,28,,,10000.0,586.0
1,32400,STARFRUIT,5059,29,,,,,5064,2,5066,29,,,5061.5,488.67919921875
1,32500,ORCHIDS,1084,6,1083,3,1077,45,1088,5,1091,6,1092,3,1086.0,106593.546875
1,32500,STARFRUIT,5059,31,,,,,5066,31,,,,,5062.5,488.599609375
1,32500,AMETHYSTS,9998,5,9996,2,9995,29,10004,2,10005,29,,,10001.0,586.0
1,32600,STARFRUIT,5059,23,,,,,5066,23,,,,,5062.5,488.54248046875
1,32600,ORCHIDS,1084,5,1083,2,1077,48,1091,5,1092,2,1098,48,1087.5,106592.75
1,32600,AMETHYSTS,9995,23,,,,,10005,23,,,,,10000.0,586.0
1,32700,STARFRUIT,5059,22,,,,,5065,1,5066,21,,,5062.0,488.8330078125
1,32700,AMETHYSTS,10002,3,9996,1,9995,21,10004,1,10005,21,,,10003.0,586.0
1,32700,ORCHIDS,1084,7,1083,5,1077,45,1091,7,1092,5,1098,45,1087.5,106592.453125
1,32800,ORCHIDS,1085,8,1084,5,1078,51,1092,8,1093,5,1099,51,1088.5,106591.15625
1,32800,AMETHYSTS,9995,24,,,,,10005,24,,,,,10000.0,592.0
1,32800,STARFRUIT,5058,24,,,,,5065,24,,,,,5061.5,489.12060546875
1,32900,ORCHIDS,1085,7,1084,3,1078,48,1092,7,1093,3,1099,48,1088.5,106590.859375
1,32900,STARFRUIT,5059,27,,,,,5064,5,5066,28,,,5061.5,488.5986328125
1,32900,AMETHYSTS,9995,28,,,,,10005,28,,,,,10000.0,592.0
1,33000,STARFRUIT,5058,22,,,,,5061,6,5065,22,,,5059.5,489.2529296875
1,33000,ORCHIDS,1085,10,1084,2,1078,43,1092,10,1093,2,1099,43,1088.5,106590.5625
1,33000,AMETHYSTS,9995,22,,,,,10000,6,10005,22,,,9997.5,592.0
1,33100,STARFRUIT,5058,21,,,,,5059,1,5065,21,,,5058.5,494.412109375
1,33100,AMETHYSTS,9998,7,9995,21,,,10005,21,,,,,10001.5,592.0
1,33100,ORCHIDS,1086,6,1085,2,1079,40,1090,8,1093,6,1094,2,1088.0,106588.765625
1,33200,ORCHIDS,1085,7,1084,2,1078,45,1092,7,1093,2,1099,45,1088.5,106588.96875
1,33200,AMETHYSTS,9995,27,,,,,10005,27,,,,,10000.0,592.0
1,33200,STARFRUIT,5058,27,,,,,5063,1,5065,27,,,5060.5,496.0078125
1,33300,ORCHIDS,1085,7,1084,3,1078,45,1092,7,1093,3,1099,45,1088.5,106588.171875
1,33300,STARFRUIT,5058,25,,,,,5063,5,5065,25,,,5060.5,496.265625
1,33300,AMETHYSTS,9995,25,,,,,10002,6,10005,25,,,9998.5,592.0
1,33400,STARFRUIT,5059,21,,,,,5066,21,,,,,5062.5,499.37109375
1,33400,ORCHIDS,1086,9,1085,3,1079,41,1090,8,1093,9,1094,3,1088.0,106586.875
1,33400,AMETHYSTS,9998,2,9996,1,9995,20,10004,1,10005,20,,,10001.0,592.0
1,33500,STARFRUIT,5060,3,5059,26,,,5065,1,5066,25,,,5062.5,498.91796875
1,33500,AMETHYSTS,9996,1,9995,25,,,10004,1,10005,25,,,10000.0,592.0
1,33500,ORCHIDS,1085,7,1084,5,1078,49,1092,7,1093,5,1099,49,1088.5,106587.078125
1,33600,ORCHIDS,1086,10,1085,2,1079,55,1093,10,1094,2,1100,55,1089.5,106585.28125
1,33600,AMETHYSTS,9996,2,9995,26,,,10004,2,10005,26,,,10000.0,592.0
1,33600,STARFRUIT,5059,2,5058,26,,,5065,28,,,,,5062.0,497.7265625
1,33700,ORCHIDS,1088,7,1087,2,1081,51,1095,7,1096,2,1102,51,1091.5,106582.484375
1,33700,STARFRUIT,5058,6,5057,27,,,5064,29,,,,,5061.0,491.55078125
1,33700,AMETHYSTS,9996,2,9995,27,,,10004,2,10005,27,,,10000.0,592.0
1,33800,STARFRUIT,5058,25,,,,,5064,1,5065,24,,,5061.0,492.22265625
1,33800,ORCHIDS,1090,7,1089,4,1083,42,1097,7,1098,4,1104,42,1093.5,106579.6875
1,33800,AMETHYSTS,9998,6,9996,1,9995,24,10004,1,10005,24,,,10001.0,592.0
1,33900,STARFRUIT,5057,20,,,,,5064,20,,,,,5060.5,491.1640625
1,33900,AMETHYSTS,9995,20,,,,,10002,7,10005,20,,,9998.5,592.0
1,33900,ORCHIDS,1091,7,1090,2,1084,46,1098,7,1099,2,1105,46,1094.5,106578.390625
1,34000,ORCHIDS,1091,7,1090,4,1084,49,1098,7,1099,4,1105,49,1094.5,106578.09375
1,34000,AMETHYSTS,9996,2,9995,25,,,10004,2,10005,25,,,10000.0,592.0
1,34000,STARFRUIT,5058,2,5057,25,,,5064,27,,,,,5061.0,493.4140625
1,34100,STARFRUIT,5057,29,,,,,5064,29,,,,,5060.5,491.4921875
1,34100,ORCHIDS,1092,9,1091,3,1085,53,1099,9,1100,3,1106,53,1095.5,106576.796875
1,34100,AMETHYSTS,9995,29,,,,,10005,29,,,,,10000.0,592.0
1,34200,AMETHYSTS,9996,1,9995,21,,,10004,1,10005,21,,,10000.0,592.0
1,34200,ORCHIDS,1090,8,1089,5,1083,47,1097,8,1098,5,1104,47,1093.5,106578.5
1,34200,STARFRUIT,5057,22,,,,,5063,1,5064,21,,,5060.0,489.212890625
1,34300,AMETHYSTS,9995,30,,,,,10005,30,,,,,10000.0,592.0
1,34300,STARFRUIT,5057,30,,,,,5064,30,,,,,5060.5,492.400390625
1,34300,ORCHIDS,1090,9,1089,3,1083,49,1097,9,1098,3,1104,49,1093.5,106577.703125
1,34400,AMETHYSTS,9996,1,9995,25,,,10004,1,10005,25,,,10000.0,592.0
1,34400,ORCHIDS,1090,8,1089,2,1083,46,1098,8,1099,2,1105,46,1094.0,106576.40625
1,34400,STARFRUIT,5058,26,,,,,5065,26,,,,,5061.5,495.466796875
1,34500,STARFRUIT,5058,21,,,,,5063,4,5065,21,,,5060.5,494.8671875
1,34500,ORCHIDS,1091,7,1090,3,1084,47,1098,7,1099,3,1105,47,1094.5,106575.109375
1,34500,AMETHYSTS,9995,21,,,,,10005,21,,,,,10000.0,592.0
1,34600,AMETHYSTS,9996,2,9995,20,,,10004,2,10005,20,,,10000.0,592.0
1,34600,ORCHIDS,1089,6,1088,4,1082,44,1096,6,1097,4,1103,44,1092.5,106576.3125
1,34600,STARFRUIT,5058,22,,,,,5065,22,,,,,5061.5,495.76171875
1,34700,AMETHYSTS,9995,29,,,,,10005,29,,,,,10000.0,592.0
1,34700,STARFRUIT,5057,29,,,,,5064,29,,,,,5060.5,492.302734375
1,34700,ORCHIDS,1091,7,1090,3,1084,56,1098,7,1099,3,1105,56,1094.5,106574.015625
1,34800,AMETHYSTS,10002,4,10000,4,9995,27,10005,27,,,,,10003.5,592.0
1,34800,ORCHIDS,1092,5,1091,3,1085,42,1099,5,1100,3,1106,42,1095.5,106572.21875
1,34800,STARFRUIT,5061,3,5060,4,5057,27,5064,27,,,,,5062.5,491.087890625
1,34900,STARFRUIT,5056,26,,,,,5063,26,,,,,5059.5,492.2236328125
1,34900,ORCHIDS,1093,7,1092,3,1086,47,1100,7,1101,3,1107,47,1096.5,106570.921875
1,34900,AMETHYSTS,9995,26,,,,,10002,9,10005,26,,,9998.5,600.0
1,35000,AMETHYSTS,9998,7,9995,24,,,10005,24,,,,,10001.5,600.0
1,35000,ORCHIDS,1093,10,1092,2,1086,44,1100,10,1101,2,1107,44,1096.5,106570.625
1,35000,STARFRUIT,5056,24,,,,,5061,7,5063,24,,,5058.5,493.1552734375
1,35100,AMETHYSTS,9995,20,,,,,10005,20,,,,,10000.0,600.0
1,35100,STARFRUIT,5056,20,,,,,5063,20,,,,,5059.5,493.18359375
1,35100,ORCHIDS,1094,5,1093,3,1087,41,1101,5,1102,3,1108,41,1097.5,106569.328125
1,35200,AMETHYSTS,9996,1,9995,20,,,10004,1,10005,20,,,10000.0,600.0
1,35200,ORCHIDS,1093,7,1092,4,1086,38,1100,7,1101,4,1107,38,1096.5,106570.03125
1,35200,STARFRUIT,5056,20,,,,,5062,1,5063,20,,,5059.0,524.2421875
1,35300,STARFRUIT,5057,6,5056,31,,,5062,1,5063,30,,,5059.5,523.1484375
1,35300,ORCHIDS,1092,10,1091,2,1085,60,1099,10,1100,2,1106,60,1095.5,106570.234375
1,35300,AMETHYSTS,9996,1,9995,30,,,10002,1,10004,1,10005,30,9999.0,600.0
1,35400,AMETHYSTS,9995,25,,,,,10002,10,10005,25,,,9998.5,600.0
1,35400,ORCHIDS,1091,7,1090,2,1084,43,1098,7,1099,2,1105,43,1094.5,106570.9375
1,35400,STARFRUIT,5056,25,,,,,5063,25,,,,,5059.5,523.09375
1,35500,AMETHYSTS,9996,1,9995,20,,,9998,1,10004,1,10005,20,9997.0,600.0
1,35500,STARFRUIT,5055,21,,,,,5062,21,,,,,5058.5,516.99609375
1,35500,ORCHIDS,1090,5,1089,4,1083,38,1098,5,1099,4,1105,38,1094.0,106570.640625
1,35600,AMETHYSTS,9995,20,,,,,10005,20,,,,,10000.0,614.0
1,35600,ORCHIDS,1094,9,1091,8,1090,2,1098,8,1099,2,1105,42,1096.0,106568.84375
1,35600,STARFRUIT,5056,4,5055,20,,,5062,20,,,,,5059.0,511.75
1,35700,STARFRUIT,5054,22,,,,,5059,1,5061,22,,,5056.5,508.55859375
1,35700,ORCHIDS,1092,9,1091,4,1085,48,1099,9,1100,4,1106,48,1095.5,106570.046875
1,35700,AMETHYSTS,9998,5,9995,22,,,10005,22,,,,,10001.5,614.0
1,35800,AMETHYSTS,9995,26,,,,,10005,26,,,,,10000.0,614.0
1,35800,ORCHIDS,1092,8,1091,4,1085,53,1099,8,1100,4,1106,53,1095.5,106569.25
1,35800,STARFRUIT,5055,26,,,,,5062,26,,,,,5058.5,511.60546875
1,35900,AMETHYSTS,9995,20,,,,,10005,20,,,,,10000.0,614.0
1,35900,STARFRUIT,5054,20,,,,,5059,6,5061,20,,,5056.5,509.15625
1,35900,ORCHIDS,1096,10,1093,9,1092,5,1100,9,1101,5,1107,40,1098.0,106567.953125
1,36000,AMETHYSTS,9995,24,,,,,10005,24,,,,,10000.0,614.0
1,36000,ORCHIDS,1091,9,1090,3,1084,46,1095,8,1098,9,1099,3,1093.0,106572.15625
1,36000,STARFRUIT,5054,24,,,,,5061,24,,,,,5057.5,508.328125
1,36100,STARFRUIT,5055,1,5054,27,,,5061,28,,,,,5058.0,509.34375
1,36100,ORCHIDS,1090,8,1089,4,1083,50,1097,8,1098,4,1104,50,1093.5,106572.859375
1,36100,AMETHYSTS,9996,1,9995,27,,,10004,1,10005,27,,,10000.0,614.0
1,36200,AMETHYSTS,9996,1,9995,29,,,10004,1,10005,29,,,10000.0,614.0
1,36200,ORCHIDS,1090,5,1089,5,1083,51,1097,5,1098,5,1104,51,1093.5,106572.5625
1,36200,STARFRUIT,5055,1,5054,29,,,5059,2,5061,30,,,5057.0,508.6171875
1,36300,AMETHYSTS,9996,1,9995,20,,,10004,1,10005,20,,,10000.0,614.0
1,36300,STARFRUIT,5054,21,,,,,5060,1,5061,20,,,5057.0,499.95703125
1,36300,ORCHIDS,1089,5,1088,5,1082,36,1096,5,1097,5,1103,36,1092.5,106572.765625
1,36400,ORCHIDS,1087,6,1086,5,1080,44,1094,6,1095,5,1101,44,1090.5,106573.96875
1,36400,STARFRUIT,5054,26,,,,,5059,6,5061,26,,,5056.5,506.3671875
1,36400,AMETHYSTS,9996,1,9995,25,,,10002,9,10004,1,10005,25,9999.0,614.0
1,36500,STARFRUIT,5055,22,,,,,5060,4,5062,22,,,5057.5,513.19921875
1,36500,ORCHIDS,1087,10,1086,2,1080,51,1094,10,1095,2,1101,51,1090.5,106573.171875
1,36500,AMETHYSTS,9998,5,9996,1,9995,21,10004,1,10005,21,,,10001.0,614.0
1,36600,ORCHIDS,1086,7,1085,5,1079,47,1093,7,1094,5,1100,47,1089.5,106573.375
1,36600,STARFRUIT,5056,6,5055,24,,,5062,24,,,,,5059.0,515.1796875
1,36600,AMETHYSTS,9996,1,9995,23,,,10004,1,10005,23,,,10000.0,614.0
1,36700,AMETHYSTS,9995,27,,,,,10005,27,,,,,10000.0,614.0
1,36700,STARFRUIT,5055,27,,,,,5062,27,,,,,5058.5,511.69921875
1,36700,ORCHIDS,1086,8,1085,5,1079,48,1093,8,1094,5,1100,48,1089.5,106573.078125
1,36800,ORCHIDS,1085,9,1084,2,1078,42,1092,9,1093,2,1099,42,1088.5,106573.78125
1,36800,STARFRUIT,5055,2,5054,21,,,5061,23,,,,,5058.0,508.359375
1,36800,AMETHYSTS,9996,2,9995,21,,,9998,1,10002,6,10004,2,9997.0,614.0
1,36900,STARFRUIT,5054,25,,,,,5055,1,5059,5,5061,25,5054.5,505.046875
1,36900,ORCHIDS,1083,8,1082,5,1076,48,1090,8,1091,5,1097,48,1086.5,106575.484375
1,36900,AMETHYSTS,9996,2,9995,23,,,10004,2,10005,23,,,10000.0,616.0
1,37000,ORCHIDS,1084,9,1083,2,1077,56,1091,9,1092,2,1098,56,1087.5,106574.1875
1,37000,STARFRUIT,5055,4,5054,28,,,5061,28,,,,,5058.0,511.375
1,37000,AMETHYSTS,9995,28,,,,,10005,28,,,,,10000.0,616.0
1,37100,ORCHIDS,1085,9,1084,2,1078,46,1092,9,1093,2,1099,46,1088.5,106572.890625
1,37100,AMETHYSTS,9998,6,9996,2,9995,23,10004,2,10005,23,,,10001.0,616.0
1,37100,STARFRUIT,5055,2,5054,23,,,5061,25,,,,,5058.0,512.4375
1,37200,STARFRUIT,5055,6,5054,24,,,5062,24,,,,,5058.5,512.6171875
1,37200,AMETHYSTS,9995,24,,,,,10005,24,,,,,10000.0,616.0
1,37200,ORCHIDS,1084,8,1083,2,1077,44,1091,8,1092,2,1098,44,1087.5,106573.59375
1,37300,STARFRUIT,5057,2,5054,29,,,5059,6,5061,29,,,5058.0,512.0
1,37300,ORCHIDS,1085,9,1084,3,1078,52,1092,9,1093,3,1099,52,1088.5,106571.796875
1,37300,AMETHYSTS,10000,2,9998,10,9995,29,10005,29,,,,,10002.5,616.0
1,37400,ORCHIDS,1084,10,1083,4,1077,42,1091,10,1092,4,1098,42,1087.5,106572.0
1,37400,STARFRUIT,5055,2,5054,20,,,5061,2,5062,20,,,5058.0,510.71875
1,37400,AMETHYSTS,9998,8,9996,2,9995,20,10004,2,10005,20,,,10001.0,616.0
1,37500,ORCHIDS,1083,5,1082,5,1076,44,1090,5,1091,5,1097,44,1086.5,106572.703125
1,37500,AMETHYSTS,9996,2,9995,22,,,10004,2,10005,22,,,10000.0,616.0
1,37500,STARFRUIT,5056,4,5055,24,,,5062,24,,,,,5059.0,513.9765625
1,37600,STARFRUIT,5055,25,,,,,5062,25,,,,,5058.5,513.40625
1,37600,AMETHYSTS,9996,1,9995,24,,,10004,1,10005,24,,,10000.0,616.0
1,37600,ORCHIDS,1084,7,1083,5,1077,50,1091,7,1092,5,1098,50,1087.5,106571.40625
1,37700,STARFRUIT,5060,1,5055,1,5054,21,5061,22,,,,,5060.5,509.71484375
1,37700,ORCHIDS,1087,7,1084,10,1083,5,1091,10,1092,5,1098,44,1089.0,106570.609375
1,37700,AMETHYSTS,9996,1,9995,21,,,10004,1,10005,21,,,10000.0,616.0
1,37800,ORCHIDS,1085,8,1084,5,1078,49,1092,8,1093,5,1099,49,1088.5,106571.8125
1,37800,STARFRUIT,5055,26,,,,,5062,26,,,,,5058.5,520.3515625
1,37800,AMETHYSTS,9998,7,9996,1,9995,25,10004,1,10005,25,,,10001.0,616.0
1,37900,ORCHIDS,1085,8,1084,5,1078,55,1092,8,1093,5,1099,55,1088.5,106571.515625
1,37900,AMETHYSTS,9996,2,9995,27,,,10002,9,10004,2,10005,27,9999.0,616.0
1,37900,STARFRUIT,5055,29,,,,,5056,4,5062,29,,,5055.5,515.4375
1,38000,STARFRUIT,5055,25,,,,,5060,2,5062,25,,,5057.5,528.40625
1,38000,AMETHYSTS,9996,1,9995,24,,,10004,1,10005,24,,,10000.0,616.0
1,38000,ORCHIDS,1085,5,1084,5,1078,43,1092,5,1093,5,1099,43,1088.5,106571.21875
1,38100,STARFRUIT,5055,27,,,,,5062,27,,,,,5058.5,531.640625
1,38100,ORCHIDS,1085,6,1084,2,1078,53,1092,6,1093,2,1099,53,1088.5,106570.921875
1,38100,AMETHYSTS,9995,27,,,,,10005,27,,,,,10000.0,616.0
1,38200,ORCHIDS,1084,10,1083,2,1077,55,1091,10,1092,2,1098,55,1087.5,106571.625
1,38200,STARFRUIT,5056,6,5055,30,,,5062,30,,,,,5059.0,531.0546875
1,38200,AMETHYSTS,9996,1,9995,29,,,10004,1,10005,29,,,10000.0,622.0
1,38300,ORCHIDS,1083,7,1082,2,1076,50,1090,7,1091,2,1097,50,1086.5,106572.328125
1,38300,AMETHYSTS,9998,8,9995,25,,,10005,25,,,,,10001.5,622.0
1,38300,STARFRUIT,5055,25,,,,,5062,25,,,,,5058.5,532.703125
1,38400,STARFRUIT,5055,27,,,,,5061,2,5062,25,,,5058.0,527.59375
1,38400,AMETHYSTS,9996,2,9995,25,,,10002,3,10004,2,10005,25,9999.0,622.0
1,38400,ORCHIDS,1083,9,1082,3,1076,48,1090,9,1091,3,1097,48,1086.5,106571.53125
1,38500,STARFRUIT,5058,6,5055,22,,,5062,22,,,,,5060.0,526.09375
1,38500,ORCHIDS,1085,9,1084,3,1078,47,1092,9,1093,3,1099,47,1088.5,106568.734375
1,38500,AMETHYSTS,10000,6,9995,22,,,10002,10,10005,22,,,10001.0,622.0
1,38600,ORCHIDS,1086,10,1085,5,1079,51,1093,10,1094,5,1100,51,1089.5,106566.9375
1,38600,STARFRUIT,5055,31,,,,,5062,31,,,,,5058.5,530.0859375
1,38600,AMETHYSTS,9996,2,9995,29,,,10004,2,10005,29,,,10000.0,622.0
1,38700,AMETHYSTS,9996,1,9995,26,,,10004,1,10005,26,,,10000.0,622.0
1,38700,ORCHIDS,1088,7,1087,4,1081,48,1095,7,1096,4,1102,48,1091.5,106564.640625
1,38700,STARFRUIT,5056,27,,,,,5063,27,,,,,5059.5,563.4140625
1,38800,STARFRUIT,5055,21,,,,,5062,21,,,,,5058.5,559.2421875
1,38800,AMETHYSTS,9995,21,,,,,10005,21,,,,,10000.0,622.0
1,38800,ORCHIDS,1088,8,1087,4,1081,48,1095,8,1096,4,1102,48,1091.5,106563.84375
1,38900,STARFRUIT,5056,2,5055,21,,,5061,4,5062,2,5063,21,5058.5,562.8125
1,38900,AMETHYSTS,9996,2,9995,21,,,10004,2,10005,21,,,10000.0,622.0
1,38900,ORCHIDS,1088,7,1087,5,1081,44,1095,7,1096,5,1102,44,1091.5,106563.046875
1,39000,ORCHIDS,1091,7,1088,10,1087,2,1095,10,1096,2,1102,49,1093.0,106562.25
1,39000,STARFRUIT,5056,29,,,,,5063,29,,,,,5059.5,563.7890625
1,39000,AMETHYSTS,9995,29,,,,,10002,2,10005,29,,,9998.5,622.0
1,39100,AMETHYSTS,9996,2,9995,21,,,10002,5,10004,2,10005,21,9999.0,622.0
1,39100,ORCHIDS,1088,6,1087,3,1081,37,1095,6,1096,3,1102,37,1091.5,106564.453125
1,39100,STARFRUIT,5056,23,,,,,5061,4,5062,2,5063,21,5058.5,564.5546875
1,39200,STARFRUIT,5056,2,5055,21,,,5062,23,,,,,5059.0,561.4453125
1,39200,AMETHYSTS,9996,2,9995,21,,,10004,2,10005,21,,,10000.0,622.0
1,39200,ORCHIDS,1090,7,1089,2,1083,42,1097,7,1098,2,1104,42,1093.5,106562.15625
1,39300,STARFRUIT,5057,2,5056,23,,,5062,2,5063,21,,,5059.5,565.0625
1,39300,AMETHYSTS,9996,2,9995,21,,,10004,2,10005,21,,,10000.0,622.0
1,39300,ORCHIDS,1089,8,1088,5,1082,46,1097,8,1098,5,1104,46,1093.0,106561.859375
1,39400,ORCHIDS,1089,6,1088,4,1082,47,1097,6,1098,4,1104,47,1093.0,106560.5625
1,39400,STARFRUIT,5056,27,,,,,5063,27,,,,,5059.5,568.75
1,39400,AMETHYSTS,9996,2,9995,25,,,10004,2,10005,25,,,10000.0,622.0
1,39500,AMETHYSTS,9996,2,9995,23,,,10004,2,10005,23,,,10000.0,622.0
1,39500,ORCHIDS,1089,6,1088,5,1082,42,1097,6,1098,5,1104,42,1093.0,106559.265625
1,39500,STARFRUIT,5061,1,5056,25,,,5063,25,,,,,5062.0,569.25
1,39600,STARFRUIT,5056,28,,,,,5063,28,,,,,5059.5,569.5546875
1,39600,AMETHYSTS,9995,28,,,,,10005,28,,,,,10000.0,622.0
1,39600,ORCHIDS,1089,7,1088,4,1082,49,1097,7,1098,4,1104,49,1093.0,106557.96875
1,39700,STARFRUIT,5056,1,5055,20,,,5062,21,,,,,5059.0,563.46875
1,39700,AMETHYSTS,9996,1,9995,20,,,10004,1,10005,20,,,10000.0,622.0
1,39700,ORCHIDS,1089,8,1088,3,1082,40,1096,8,1097,3,1103,40,1092.5,106557.171875
1,39800,ORCHIDS,1089,5,1088,5,1082,47,1096,5,1097,5,1103,47,1092.5,106556.875
1,39800,STARFRUIT,5055,28,,,,,5060,1,5062,28,,,5057.5,553.75
1,39800,AMETHYSTS,9996,2,9995,26,,,10004,2,10005,26,,,10000.0,622.0
1,39900,AMETHYSTS,9996,1,9995,24,,,10002,3,10004,1,10005,24,9999.0,622.0
1,39900,ORCHIDS,1089,7,1088,3,1082,45,1096,7,1097,3,1103,45,1092.5,106556.578125
1,39900,STARFRUIT,5056,6,5055,25,,,5061,1,5062,24,,,5058.5,547.2890625
1,40000,STARFRUIT,5055,3,5054,29,,,5061,1,5062,29,,,5058.0,545.984375
1,40000,AMETHYSTS,9998,3,9996,1,9995,29,10004,1,10005,29,,,10001.0,622.0
1,40000,ORCHIDS,1090,9,1089,3,1083,51,1097,9,1098,3,1104,51,1093.5,106555.28125
1,40100,STARFRUIT,5055,32,,,,,5061,2,5062,30,,,5058.0,547.5703125
1,40100,AMETHYSTS,9996,2,9995,30,,,10004,2,10005,30,,,10000.0,622.0
1,40100,ORCHIDS,1091,5,1090,5,1084,54,1098,5,1099,5,1105,54,1094.5,106553.984375
1,40200,ORCHIDS,1090,9,1089,2,1083,41,1097,9,1098,2,1104,41,1093.5,106554.6875
1,40200,STARFRUIT,5055,22,,,,,5060,6,5062,22,,,5057.5,553.9296875
1,40200,AMETHYSTS,9996,2,9995,20,,,10004,2,10005,20,,,10000.0,622.0
1,40300,AMETHYSTS,9995,30,,,,,10000,5,10005,30,,,9997.5,622.0
1,40300,ORCHIDS,1089,7,1088,4,1082,47,1096,7,1097,4,1103,47,1092.5,106554.890625
1,40300,STARFRUIT,5055,30,,,,,5057,2,5058,5,5062,30,5056.0,556.2578125
1,40400,STARFRUIT,5055,22,,,,,5056,8,5060,8,5062,22,5055.5,559.578125
1,40400,AMETHYSTS,9995,22,,,,,10005,22,,,,,10000.0,622.0
1,40400,ORCHIDS,1090,7,1089,5,1083,48,1097,7,1098,5,1104,48,1093.5,106553.59375
1,40500,STARFRUIT,5054,21,,,,,5061,21,,,,,5057.5,538.546875
1,40500,AMETHYSTS,9998,6,9996,1,9995,20,10004,1,10005,20,,,10001.0,622.0
1,40500,ORCHIDS,1090,6,1089,3,1083,38,1097,6,1098,3,1104,38,1093.5,106553.296875
1,40600,ORCHIDS,1090,8,1089,2,1083,55,1097,8,1098,2,1104,55,1093.5,106553.0
1,40600,STARFRUIT,5055,1,5054,27,,,5061,28,,,,,5058.0,545.765625
1,40600,AMETHYSTS,9996,1,9995,27,,,10004,1,10005,27,,,10000.0,622.0
1,40700,AMETHYSTS,9995,20,,,,,10005,20,,,,,10000.0,622.0
1,40700,ORCHIDS,1088,6,1087,3,1081,43,1095,6,1096,3,1102,43,1091.5,106554.703125
1,40700,STARFRUIT,5055,20,,,,,5062,20,,,,,5058.5,556.953125
1,40800,STARFRUIT,5055,24,,,,,5062,24,,,,,5058.5,554.953125
1,40800,AMETHYSTS,9995,24,,,,,10005,24,,,,,10000.0,622.0
1,40800,ORCHIDS,1089,10,1088,3,1082,44,1096,10,1097,3,1103,44,1092.5,106553.40625
1,40900,STARFRUIT,5055,1,5054,20,,,5061,1,5062,20,,,5058.0,547.4765625
1,40900,AMETHYSTS,9996,1,9995,20,,,10004,1,10005,20,,,10000.0,622.0
1,40900,ORCHIDS,1089,8,1088,4,1082,39,1096,8,1097,4,1103,39,1092.5,106553.109375
1,41000,AMETHYSTS,9995,27,,,,,10005,27,,,,,10000.0,622.0
1,41000,ORCHIDS,1088,8,1087,5,1081,45,1095,8,1096,5,1102,45,1091.5,106553.3125
1,41000,STARFRUIT,5056,5,5055,27,,,5062,27,,,,,5059.0,554.3046875
1,41100,ORCHIDS,1088,5,1087,5,1081,43,1095,5,1096,5,1102,43,1091.5,106553.015625
1,41100,STARFRUIT,5055,2,5054,21,,,5061,2,5062,21,,,5058.0,546.78125
1,41100,AMETHYSTS,9996,2,9995,21,,,10002,6,10004,2,10005,21,9999.0,622.0
1,41200,STARFRUIT,5055,26,,,,,5062,27,,,,,5058.5,556.46875
1,41200,AMETHYSTS,10002,1,9996,1,9995,26,10004,1,10005,26,,,10003.0,622.0
1,41200,ORCHIDS,1088,7,1087,2,1081,46,1095,7,1096,2,1102,46,1091.5,106552.21875
1,41300,STARFRUIT,5055,1,5054,27,,,5056,4,5060,8,5061,1,5055.5,547.1640625
1,41300,AMETHYSTS,9996,1,9995,27,,,10004,1,10005,27,,,10000.0,624.0
1,41300,ORCHIDS,1088,9,1087,3,1081,54,1095,9,1096,3,1102,54,1091.5,106551.921875
1,41400,ORCHIDS,1087,5,1086,3,1080,47,1094,5,1095,3,1101,47,1090.5,106552.125
1,41400,AMETHYSTS,9996,2,9995,26,,,9998,3,10004,2,10005,26,9997.0,624.0
1,41400,STARFRUIT,5054,28,,,,,5061,28,,,,,5057.5,537.5625
1,41500,ORCHIDS,1088,9,1087,2,1081,47,1095,9,1096,2,1102,47,1091.5,106550.828125
1,41500,STARFRUIT,5055,4,5054,20,,,5061,20,,,,,5058.0,530.453125
1,41500,AMETHYSTS,9995,20,,,,,10002,2,10005,20,,,9998.5,630.0
1,41600,STARFRUIT,5053,31,,,,,5060,31,,,,,5056.5,520.015625
1,41600,ORCHIDS,1088,5,1087,2,1081,49,1095,5,1096,2,1102,49,1091.5,106550.53125
1,41600,AMETHYSTS,9996,2,9995,29,,,10004,2,10005,29,,,10000.0,630.0
1,41700,STARFRUIT,5053,23,,,,,5060,23,,,,,5056.5,517.078125
1,41700,AMETHYSTS,9996,1,9995,22,,,10004,1,10005,22,,,10000.0,630.0
1,41700,ORCHIDS,1086,9,1085,2,1079,49,1093,9,1094,2,1100,49,1089.5,106551.734375
1,41800,ORCHIDS,1087,9,1086,4,1080,51,1094,9,1095,4,1101,51,1090.5,106549.9375
1,41800,AMETHYSTS,9996,2,9995,22,,,9998,1,10002,7,10004,2,9997.0,630.0
1,41800,STARFRUIT,5054,2,5053,22,,,5059,6,5060,2,5061,22,5056.5,527.5
1,41900,ORCHIDS,1086,5,1085,3,1079,39,1093,5,1094,3,1100,39,1089.5,106550.640625
1,41900,STARFRUIT,5055,8,5054,26,,,5061,26,,,,,5058.0,539.5625
1,41900,AMETHYSTS,9996,2,9995,24,,,10004,2,10005,24,,,10000.0,632.0
1,42000,STARFRUIT,5055,29,,,,,5062,29,,,,,5058.5,551.9296875
1,42000,ORCHIDS,1086,8,1085,3,1079,50,1093,8,1094,3,1100,50,1089.5,106550.34375
1,42000,AMETHYSTS,9996,1,9995,28,,,10004,1,10005,28,,,10000.0,632.0
1,42100,STARFRUIT,5056,25,,,,,5063,25,,,,,5059.5,571.671875
1,42100,AMETHYSTS,9996,2,9995,23,,,10004,2,10005,23,,,10000.0,632.0
1,42100,ORCHIDS,1086,9,1085,5,1079,45,1093,9,1094,5,1100,45,1089.5,106550.046875
1,42200,ORCHIDS,1085,5,1084,3,1078,40,1093,5,1094,3,1100,40,1089.0,106549.75
1,42200,AMETHYSTS,9996,1,9995,20,,,10004,1,10005,20,,,10000.0,632.0
1,42200,STARFRUIT,5056,21,,,,,5061,3,5062,1,5063,20,5058.5,570.1875
1,42300,ORCHIDS,1085,6,1084,4,1078,43,1093,6,1094,4,1100,43,1089.0,106548.453125
1,42300,STARFRUIT,5060,3,5055,21,,,5062,21,,,,,5061.0,565.4765625
1,42300,AMETHYSTS,9995,21,,,,,10005,21,,,,,10000.0,632.0
1,42400,STARFRUIT,5055,30,,,,,5062,30,,,,,5058.5,563.78125
1,42400,ORCHIDS,1087,8,1086,4,1080,55,1094,8,1095,4,1101,55,1090.5,106546.15625
1,42400,AMETHYSTS,9996,1,9995,29,,,10004,1,10005,29,,,10000.0,632.0
1,42500,STARFRUIT,5058,3,5055,30,,,5062,30,,,,,5060.0,561.40625
1,42500,AMETHYSTS,10000,3,9996,2,9995,28,10002,10,10004,2,10005,28,10001.0,632.0
1,42500,ORCHIDS,1087,5,1086,3,1080,50,1094,5,1095,3,1101,50,1090.5,106545.359375
1,42600,ORCHIDS,1087,7,1086,4,1080,50,1094,7,1095,4,1101,50,1090.5,106544.5625
1,42600,AMETHYSTS,9996,2,9995,27,,,10004,2,10005,27,,,10000.0,632.0
1,42600,STARFRUIT,5055,29,,,,,5060,8,5061,2,5062,27,5057.5,555.8984375
1,42700,ORCHIDS,1085,7,1084,2,1078,47,1092,7,1093,2,1099,47,1088.5,106545.765625
1,42700,STARFRUIT,5055,1,5054,25,,,5061,26,,,,,5058.0,550.296875
1,42700,AMETHYSTS,9998,3,9996,1,9995,25,10004,1,10005,25,,,10001.0,632.0
1,42800,STARFRUIT,5055,1,5054,24,,,5061,2,5062,24,,,5058.0,553.0859375
1,42800,ORCHIDS,1086,5,1085,5,1079,41,1093,5,1094,5,1100,41,1089.5,106544.46875
1,42800,AMETHYSTS,9996,2,9995,24,,,10004,2,10005,24,,,10000.0,632.0
1,42900,STARFRUIT,5054,25,,,,,5060,2,5061,23,,,5057.0,541.4140625
1,42900,AMETHYSTS,9996,2,9995,23,,,10002,3,10004,2,10005,23,9999.0,632.0
1,42900,ORCHIDS,1087,5,1086,2,1080,48,1094,5,1095,2,1101,48,1090.5,106542.671875
1,43000,ORCHIDS,1089,5,1088,2,1082,54,1096,5,1097,2,1103,54,1092.5,106540.375
1,43000,AMETHYSTS,9996,1,9995,29,,,10004,1,10005,29,,,10000.0,632.0
1,43000,STARFRUIT,5054,30,,,,,5061,30,,,,,5057.5,546.4765625
1,43100,STARFRUIT,5054,22,,,,,5059,5,5061,22,,,5056.5,543.8828125
1,43100,ORCHIDS,1087,7,1086,4,1080,41,1094,7,1095,4,1101,41,1090.5,106541.578125
1,43100,AMETHYSTS,9998,5,9995,22,,,10005,22,,,,,10001.5,632.0
1,43200,AMETHYSTS,9995,25,,,,,10002,1,10005,25,,,9998.5,632.0
1,43200,ORCHIDS,1087,5,1086,3,1080,49,1094,5,1095,3,1101,49,1090.5,106541.28125
1,43200,STARFRUIT,5053,25,,,,,5055,2,5061,25,,,5054.0,539.046875
1,43300,AMETHYSTS,9995,27,,,,,10005,27,,,,,10000.0,632.0
1,43300,STARFRUIT,5053,27,,,,,5061,27,,,,,5057.0,543.1484375
1,43300,ORCHIDS,1088,5,1087,5,1081,46,1095,5,1096,5,1102,46,1091.5,106539.984375
1,43400,AMETHYSTS,9998,9,9995,27,,,10005,27,,,,,10001.5,632.0
1,43400,ORCHIDS,1090,7,1087,6,1086,4,1094,6,1095,4,1101,44,1092.0,106540.6875
1,43400,STARFRUIT,5054,27,,,,,5059,4,5061,27,,,5056.5,544.75
1,43500,STARFRUIT,5054,24,,,,,5059,3,5061,24,,,5056.5,553.5078125
1,43500,ORCHIDS,1085,10,1084,2,1078,47,1092,10,1093,2,1099,47,1088.5,106544.890625
1,43500,AMETHYSTS,9996,1,9995,23,,,10004,1,10005,23,,,10000.0,632.0
1,43600,AMETHYSTS,9996,1,9995,27,,,10004,1,10005,27,,,10000.0,632.0
1,43600,ORCHIDS,1087,9,1086,2,1080,52,1094,9,1095,2,1101,52,1090.5,106542.59375
1,43600,STARFRUIT,5054,28,,,,,5059,6,5061,28,,,5056.5,546.6953125
1,43700,AMETHYSTS,10002,1,9996,2,9995,26,10004,2,10005,26,,,10003.0,632.0
1,43700,STARFRUIT,5054,2,5053,26,,,5056,5,5060,28,,,5055.0,541.296875
1,43700,ORCHIDS,1088,5,1087,2,1081,46,1095,5,1096,2,1102,46,1091.5,106540.796875
1,43800,AMETHYSTS,9996,2,9995,30,,,10004,2,10005,30,,,10000.0,667.0
1,43800,ORCHIDS,1089,8,1088,4,1082,49,1096,8,1097,4,1103,49,1092.5,106539.0
1,43800,STARFRUIT,5053,32,,,,,5060,32,,,,,5056.5,534.7265625
1,43900,STARFRUIT,5052,26,,,,,5059,26,,,,,5055.5,526.21875
1,43900,ORCHIDS,1087,8,1086,2,1080,47,1094,8,1095,2,1101,47,1090.5,106540.203125
1,43900,AMETHYSTS,9995,26,,,,,10002,10,10005,26,,,9998.5,667.0
1,44000,AMETHYSTS,9996,1,9995,22,,,10004,1,10005,22,,,10000.0,667.0
1,44000,ORCHIDS,1087,5,1086,3,1080,39,1095,5,1096,3,1102,39,1091.0,106538.90625
1,44000,STARFRUIT,5053,23,,,,,5059,1,5060,22,,,5056.0,530.4453125
1,44100,AMETHYSTS,9996,2,9995,28,,,10004,2,10005,28,,,10000.0,667.0
1,44100,STARFRUIT,5053,30,,,,,5060,30,,,,,5056.5,536.2578125
1,44100,ORCHIDS,1087,10,1086,4,1080,58,1094,10,1095,4,1101,58,1090.5,106538.109375
1,44200,AMETHYSTS,9998,7,9995,22,,,10005,22,,,,,10001.5,667.0
1,44200,ORCHIDS,1087,5,1086,3,1080,40,1094,5,1095,3,1101,40,1090.5,106537.8125
1,44200,STARFRUIT,5054,4,5053,22,,,5060,22,,,,,5057.0,536.6796875
1,44300,STARFRUIT,5056,2,5053,27,,,5060,27,,,,,5058.0,537.234375
1,44300,ORCHIDS,1085,9,1084,2,1078,47,1092,9,1093,2,1099,47,1088.5,106539.515625
1,44300,AMETHYSTS,10000,2,9996,2,9995,25,10004,2,10005,25,,,10002.0,667.0
1,44400,AMETHYSTS,9998,2,9995,27,,,10005,27,,,,,10001.5,667.0
1,44400,ORCHIDS,1084,8,1083,2,1077,51,1091,8,1092,2,1098,51,1087.5,106539.71875
1,44400,STARFRUIT,5053,27,,,,,5060,27,,,,,5056.5,533.6796875
1,44500,AMETHYSTS,9996,1,9995,30,,,10004,1,10005,30,,,10000.0,667.0
1,44500,STARFRUIT,5053,31,,,,,5060,31,,,,,5056.5,536.703125
1,44500,ORCHIDS,1083,6,1082,5,1076,50,1090,6,1091,5,1097,50,1086.5,106540.421875
1,44600,AMETHYSTS,9995,26,,,,,10005,26,,,,,10000.0,667.0
1,44600,ORCHIDS,1084,5,1083,2,1077,46,1091,5,1092,2,1098,46,1087.5,106538.625
1,44600,STARFRUIT,5054,26,,,,,5061,26,,,,,5057.5,542.7109375
1,44700,STARFRUIT,5054,28,,,,,5059,5,5061,28,,,5056.5,548.21875
1,44700,ORCHIDS,1084,7,1083,5,1077,49,1091,7,1092,5,1098,49,1087.5,106537.828125
1,44700,AMETHYSTS,9995,28,,,,,10005,28,,,,,10000.0,667.0
1,44800,AMETHYSTS,9996,1,9995,21,,,10004,1,10005,21,,,10000.0,667.0
1,44800,ORCHIDS,1084,7,1083,2,1077,45,1091,7,1092,2,1098,45,1087.5,106537.03125
1,44800,STARFRUIT,5054,22,,,,,5059,4,5061,22,,,5056.5,549.6484375
1,44900,AMETHYSTS,9998,4,9995,24,,,10005,24,,,,,10001.5,667.0
1,44900,STARFRUIT,5054,24,,,,,5059,3,5061,24,,,5056.5,544.0078125
1,44900,ORCHIDS,1083,10,1082,4,1076,46,1090,10,1091,4,1097,46,1086.5,106537.234375
1,45000,AMETHYSTS,9996,1,9995,21,,,10004,1,10005,21,,,10000.0,667.0
1,45000,ORCHIDS,1084,8,1083,4,1077,42,1091,8,1092,4,1098,42,1087.5,106535.4375
1,45000,STARFRUIT,5054,22,,,,,5055,1,5061,22,,,5054.5,548.640625
1,45100,STARFRUIT,5054,1,5053,22,,,5060,23,,,,,5057.0,540.8046875
1,45100,ORCHIDS,1085,6,1084,2,1078,43,1092,6,1093,2,1099,43,1088.5,106533.640625
1,45100,AMETHYSTS,9996,1,9995,22,,,10004,1,10005,22,,,10000.0,667.0
1,45200,AMETHYSTS,9995,29,,,,,10005,29,,,,,10000.0,667.0
1,45200,ORCHIDS,1085,6,1084,3,1078,46,1092,6,1093,3,1099,46,1088.5,106533.34375
1,45200,STARFRUIT,5053,29,,,,,5061,29,,,,,5057.0,542.5625
1,45300,AMETHYSTS,9996,1,9995,28,,,10004,1,10005,28,,,10000.0,667.0
1,45300,STARFRUIT,5054,1,5053,28,,,5060,29,,,,,5057.0,542.046875
1,45300,ORCHIDS,1086,10,1085,2,1079,58,1093,10,1094,2,1100,58,1089.5,106532.046875
1,45400,ORCHIDS,1086,5,1085,3,1079,43,1093,5,1094,3,1100,43,1089.5,106531.25
1,45400,STARFRUIT,5054,24,,,,,5061,24,,,,,5057.5,550.671875
1,45400,AMETHYSTS,9996,2,9995,22,,,9998,6,10002,5,10004,2,9997.0,667.0
1,45500,STARFRUIT,5054,30,,,,,5060,2,5061,28,,,5057.0,544.8984375
1,45500,ORCHIDS,1085,9,1084,2,1078,57,1092,9,1093,2,1099,57,1088.5,106531.453125
1,45500,AMETHYSTS,9996,2,9995,28,,,9998,1,10004,2,10005,28,9997.0,679.0
1,45600,ORCHIDS,1083,9,1082,4,1076,53,1090,9,1091,4,1097,53,1086.5,106533.15625
1,45600,STARFRUIT,5053,25,,,,,5060,1,5061,25,,,5056.5,542.8046875
1,45600,AMETHYSTS,9996,1,9995,25,,,10004,1,10005,25,,,10000.0,681.0
1,45700,AMETHYSTS,9998,9,9996,1,9995,28,10004,1,10005,28,,,10001.0,681.0
1,45700,STARFRUIT,5054,29,,,,,5061,29,,,,,5057.5,548.3671875
1,45700,ORCHIDS,1084,5,1083,3,1077,50,1091,5,1092,3,1098,50,1087.5,106531.859375
1,45800,STARFRUIT,5054,25,,,,,5061,25,,,,,5057.5,551.328125
1,45800,AMETHYSTS,9996,2,9995,23,,,10004,2,10005,23,,,10000.0,681.0
1,45800,ORCHIDS,1084,9,1083,5,1077,42,1091,9,1092,5,1098,42,1087.5,106531.5625
1,45900,STARFRUIT,5054,26,,,,,5059,2,5061,26,,,5056.5,551.6328125
1,45900,ORCHIDS,1085,10,1084,5,1078,55,1092,10,1093,5,1099,55,1088.5,106530.265625
1,45900,AMETHYSTS,9998,2,9995,26,,,10005,26,,,,,10001.5,681.0
1,46000,ORCHIDS,1083,6,1082,2,1076,46,1090,6,1091,2,1097,46,1086.5,106531.46875
1,46000,STARFRUIT,5054,30,,,,,5061,30,,,,,5057.5,549.734375
1,46000,AMETHYSTS,9996,1,9995,29,,,10004,1,10005,29,,,10000.0,681.0
1,46100,ORCHIDS,1083,5,1082,2,1076,41,1090,5,1091,2,1097,41,1086.5,106530.671875
1,46100,AMETHYSTS,9998,5,9996,1,9995,25,10004,1,10005,25,,,10001.0,681.0
1,46100,STARFRUIT,5054,26,,,,,5060,1,5061,25,,,5057.0,545.0703125
1,46200,STARFRUIT,5054,1,5053,20,,,5060,21,,,,,5057.0,541.140625
1,46200,AMETHYSTS,9998,7,9996,1,9995,20,10004,1,10005,20,,,10001.0,681.0
1,46200,ORCHIDS,1082,8,1081,5,1075,39,1089,8,1090,5,1096,39,1085.5,106531.375
1,46300,STARFRUIT,5054,28,,,,,5060,1,5061,27,,,5057.0,544.6796875
1,46300,ORCHIDS,1083,7,1082,3,1076,45,1090,7,1091,3,1097,45,1086.5,106530.078125
1,46300,AMETHYSTS,9996,1,9995,27,,,10004,1,10005,27,,,10000.0,681.0
1,46400,ORCHIDS,1081,7,1080,4,1074,42,1088,7,1089,4,1095,42,1084.5,106531.78125
1,46400,STARFRUIT,5054,24,,,,,5060,1,5061,23,,,5057.0,544.015625
1,46400,AMETHYSTS,9996,1,9995,23,,,10002,4,10004,1,10005,23,9999.0,681.0
1,46500,ORCHIDS,1083,8,1080,5,1079,4,1087,5,1088,4,1094,44,1085.0,106531.984375
1,46500,AMETHYSTS,9996,1,9995,20,,,10004,1,10005,20,,,10000.0,681.0
1,46500,STARFRUIT,5054,21,,,,,5059,5,5061,21,,,5056.5,548.453125
1,46600,STARFRUIT,5054,23,,,,,5059,8,5061,23,,,5056.5,551.7265625
1,46600,AMETHYSTS,9996,2,9995,21,,,10004,2,10005,21,,,10000.0,681.0
1,46600,ORCHIDS,1081,9,1080,5,1074,46,1083,3,1088,9,1089,5,1082.0,106533.1875
1,46700,STARFRUIT,5055,29,,,,,5061,2,5062,27,,,5058.0,560.109375
1,46700,ORCHIDS,1081,10,1080,3,1074,48,1089,10,1090,3,1096,48,1085.0,106531.890625
1,46700,AMETHYSTS,10002,2,9996,2,9995,27,10004,2,10005,27,,,10003.0,689.0
